1794 3100
567 243 697 287 PER
730 244 774 285 J.
810 240 1118 285 MASSON.
1472 256 1557 300 ²¹7

132 358 232 390 men
256 339 482 395 observat,
514 335 726 385 Ovidium
750 334 796 381 in
822 333 1037 400 triumphi
1060 331 1353 398 descriptione
1376 351 1528 381 canere
1546 370 1558 390 ‚

133 417 377 486 platearum
399 433 507 464 satta
530 414 726 463 silicesve
754 412 898 461 roratis
918 411 1120 459 erubuisse
1150 410 1247 458 rosis
1268 410 1451 457 ¹..Unde
1472 410 1559 476 ipsi

130 495 331 554 videtur,
364 512 533 542 vernum
567 491 708 540 saltem
735 491 837 539 anni
856 500 1013 556 tempus
1027 528 1039 545 ‚
1076 489 1116 552 si
1139 508 1218 537 non
1249 487 1422 543 oestatek,
1464 489 1561 536 satis

128 571 310 621 inda'cari.

195 650 364 698 Verum
399 655 460 696 1⁰.
490 646 605 695 nihil
632 658 699 695 est
722 663 925 702 necesse,
958 656 1010 692 ut
1034 642 1246 692 Ovidium
1278 642 1387 691 adeo
1412 641 1561 690 stricte

132 727 185 776 de
204 727 304 776 rosis
320 726 432 794 ipsis
447 764 459 784 ‚
481 724 549 774 vel
569 724 714 773 vernis
729 761 740 781 ,
756 722 823 772 vel
842 722 1001 771 aestivis
1014 759 1025 780 ‚
1047 722 1404 787 interpretemur3
1426 739 1562 786 quum

129 806 275 874 possit
285 805 342 854 de
350 802 533 872 florib-us
551 803 595 851 in
618 821 775 866 genere
796 800 1008 864 intelligi,
1032 798 1404 866 quemadmodum
1421 798 1558 848 Trist.

129 885 208 934 lib.
233 887 315 943 IV,
338 883 465 946 Eleg.
492 894 530 929 ΙΙ
546 920 558 940 ,
594 881 647 929 de
671 879 921 946 Triumpho
940 917 952 937 ‚
979 897 1109 945 quem
1139 877 1191 926 de
1221 877 1454 926 Germania
1484 896 1559 925 au—

130 962 399 1025 gurabatur,
422 977 581 1008 canens
598 996 610 1016 ,
635 957 697 1005 ait
717 976 829 1005 vers.
857 954 1008 1022 [47-50
1027 975 1038 1004 z

350 1059 428 1094 Hos
443 1071 548 1104 super
563 1058 599 1092 in
617 1069 741 1101 curru,
762 1055 895 1097 Caesar,
914 1056 1045 1091 victore
1061 1055 1197 1101 veheris

395 1121 601 1165 Purpureus
618 1119 734 1165 populi
753 1118 818 1153 rite
836 1131 899 1163 per
914 1130 973 1152 ora
991 1118 1062 1159 tui3

349 1181 500 1228 Quaque
517 1181 599 1224 ibis,
617 1181 778 1215 manibus
795 1179 1093 1226 circumplaudere
1111 1185 1253 1213 tuorum
1269 1204 1278 1221 ,

391 1242 562 1288 Undique
582 1242 803 1287 jactatoflore
816 1248 956 1287 tegente
972 1241 1053 1274 vias.

131 1337 199 1378 2⁰.
229 1330 361 1379 Rosoe
379 1328 562 1377 fuerunt
583 1347 674 1375 non
702 1327 836 1375 modo
867 1346 1009 1375 vernae
1032 1331 1080 1374 'ac
1111 1325 1293 1383 aestivae,
1316 1324 1393 1373 sed
1416 1336 1460 1373 et
1481 1323 1558 1394 hy-

131 1407 289 1463 bemoe,
320 1425 417 1473 quae
441 1405 509 1454 vel
529 1425 580 1455 ex
598 1406 801 1472 AEgypto
819 1403 1152 1460 adferebantur,
1179 1401 1247 1450 vel
1267 1401 1313 1449 in
1337 1401 1432 1467 ipsa
1452 1401 1564 1449 urbe

131 1486 274 1535 Roma
290 1483 591 1532 educabantur
603 1522 614 1541 ,
628 1483 695 1532 uti
712 1482 780 1530 vel
799 1502 850 1531 ex
864 1482 1212 1547 Marll'alz'patet‚
1232 1479 1311 1528 lib.
1331 1480 1410 1538 IV,
1426 1479 1557 1546 Epig.

0 1561 2 1565 ⁸
130 1577 275 1621 xx1x;
300 1562 377 1611 lib.
403 1564 495 1622 VI,
521 1562 652 1630 Epig.
680 1576 826 1619 Lxxx,
850 1573 894 1609 et
915 1560 991 1608 lib.
1018 1561 1158 1617 XIII,
1182 1558 1316 1625 Epig.
1341 1570 1522 1607 cxxvn.

191 1641 405 1690 Praeterea
420 1639 531 1688 illud
550 1652 858 1703 argumentum
871 1677 883 1697 ,
900 1657 990 1705 quo
1013 1636 1244 1685 Bucherius
1258 1642 1274 1660 ²
1289 1636 1384 1702 ipse
1404 1635 1559 1683 trium·-

128 1717 207 1784 phi
243 1736 407 1766 annum
439 1716 671 1765 confirmat
688 1754 700 1775 ,
725 1714 846 1765 illam
870 1733 1048 1781 quoque
1078 1712 1162 1762 loci
1188 1712 1396 1762 Ovidiani
1420 1712 1558 1759 inter-

125 1796 419 1865 pretationem
442 1795 663 1846 convellit.
693 1818 715 1838 «
745 1795 1055 1844 Germanicum
1069 1831 1081 1851 ,
1105 1792 1169 1840 ait
1190 1791 1245 1840 cl.
1265 1792 1357 1850 vir,
1381 1790 1560 1839 nonnisi

131 1897 156 1917 n
180 1884 326 1924 exacto
355 1873 566 1922 consulatu
592 1872 758 1939 (quem
787 1870 953 1920 scilicet
987 1870 1074 1918 hoe
1107 1888 1223 1917 anno
1262 1869 1475 1931 gerebat)
1510 1868 1558 1915 in

132 1977 155 1998 »
187 1953 372 2004 Galliam
401 1953 732 2002 Germaniamve
761 1950 984 2014 Belgicam
1014 1950 1069 1999 ab
1107 1951 1310 2013 Augusto
1343 1948 1555 2005 missum,

135 2057 157 2077 »
186 2034 350 2084 adserit
381 2033 623 2082 Suetonius
654 2031 796 2095 Calig.
834 2050 929 2098 cap.
957 2031 999 2078 8.
1042 2030 1273 2094 Quorsum
1305 2040 1394 2076 tam
1424 2029 1560 2076 sero?

133 2133 156 2154 »
186 2110 286 2159 Nisi
311 2109 435 2176 quod
458 2121 552 2157 tum
573 2108 764 2176 primum
785 2108 994 2156 Tiberius
1020 2127 1044 2155 a
1072 2106 1303 2155 Germania
1325 2105 1527 2154 rediisset
1545 2143 1557 2164 ,

134 2211 156 2231 >›
184 2188 238 2236 de
260 2187 501 2236 Pannoniis
512 2186 815 2253 Dalmatisque
835 2186 1011 2235 demum
1026 2185 1361 2252 triumphasset,
1376 2184 1558 2251 ejusque

133 2289 156 2309 »
182 2265 411 2332 triumpho
446 2264 733 2313 Germanicus
766 2276 872 2313 tunc
905 2263 1061 2313 consul
1097 2263 1392 2321 interfuisset,
1419 2275 1502 2312 etc.
1532 2286 1554 2306 »

127 2347 219 2394 Nec
243 2364 345 2394 sane
366 2343 541 2392 videtur
556 2342 764 2392 Tiberius
780 2341 980 2408 potuisse
999 2340 1237 2391 exercitum
1254 2341 1301 2389 in
1324 2341 1557 2390 Germania

126 2422 377 2471 adhucdum
391 2421 632 2470 rebellante
651 2420 743 2469 sine
761 2419 870 2468 duce
882 2419 1144 2486 relinquere,
1160 2431 1393 2485 antequam
1405 2420 1556 2487 copias

126 2499 172 2548 in
193 2499 379 2547 hiberna
401 2498 668 2548 deduxisset.

190 2577 389 2625 Tandem
413 2596 547 2643 quum
570 2575 1000 2643 Ovidiusnusquam
1017 2576 1145 2626 istius
1165 2575 1379 2642 triumphi
1400 2575 1556 2623 memi-

172 2712 183 2730 ¹
210 2708 285 2743 Lib.
303 2708 338 2744 11
356 2722 397 2743 ex
414 2709 516 2744 Pont.
534 2709 599 2754 Ep.
619 2720 631 2742 1
643 2735 651 2751 ,
668 2721 755 2743 vers.
772 2708 824 2742 36.

171 2772 188 2791 ²
211 2770 306 2817 Belg.
325 2771 428 2807 Rom,
449 2770 506 2806 lib.
524 2770 604 2815 111,
620 2783 692 2815 cap.
709 2771 728 2805 3
743 2796 752 2814 ,
769 2770 798 2815 S.
815 2771 845 2805 8.
