1794 3100
240 228 299 286 96
689 229 738 272 P.
775 230 1018 275 OVIDII
1062 233 1239 277 VITA

238 320 292 396 ad
305 320 557 368 Ciceronem
571 340 621 368 ex
636 321 743 387 ipsis
758 324 909 372 castris
923 323 1107 390 epistola
1128 332 1159 384 ¹,
1170 345 1255 391 qua
1271 325 1491 391 duplicem
1506 328 1659 377 Pansae

239 396 460 463 Hirtiique
481 416 673 464 pugnam
693 418 791 446 cum
808 400 872 447 M.
895 399 1090 449 Antonio
1103 402 1347 464 >contigisse
1369 416 1471 451 XVII
1493 404 1656 452 kalend.

239 474 381 523 Maias
401 473 476 521 ille
497 474 685 522 nuntiat.
711 475 798 524 Sed
820 475 943 524 facile
966 477 1117 543 potuit
1139 475 1343 526 mendum
1363 478 1407 526 in
1425 491 1553 529 notas
1575 500 1658 530 nu-

239 550 421 600 merales
440 550 719 600 librariorum
736 553 863 619 culpa
885 555 1095 620 irrepere,
1112 572 1160 602 ac
1174 573 1257 619 pro
1277 568 1358 603 XVI
1378 557 1511 604 scribi
1527 570 1629 606 XVII
1645 578 1656 606 :

241 629 605 695 quemadmodum
630 630 946 680 eruditissimus
975 631 1097 679 Paul.
1129 633 1361 681 Manutius
1387 646 1532 682 censet
1548 671 1560 693 ,
1589 646 1657 683 XII

236 707 319 754 kal.
344 706 460 754 Maii
474 725 556 772 pro
579 719 688 765 XVI,
726 707 780 756 ad
810 706 1007 773 epistolae
1037 708 1196 757 calcem
1226 708 1358 758 fuisse
1392 710 1654 776 adpositum.

235 783 599 832 Emendationem
622 804 799 850 quoque
830 804 922 832 non
956 804 1111 851 parum
1135 786 1314 843 suadet,
1341 787 1461 853 quod
1482 787 1660 836 nonnisi

236 872 303 908 XII
317 860 400 907 Ital.
419 859 533 907 Maii
541 860 592 907 de
608 860 748 927 copiis
763 862 827 908 M.
844 861 1029 908 Antonii
1046 860 1290 927 profligatis
1304 863 1491 911 nuncios
1506 864 1658 911 Romae

233 950 514 1004 acceperunt,
534 951 669 1004 prout
688 939 841 987 Cicero
857 976 869 996 ,
889 939 1029 1005 Epist.
1055 952 1125 987 VII
1143 939 1197 987 ad
1213 941 1422 999 Brutum,
1441 955 1470 989 x
1486 941 1651 989 kalend.

237 1015 349 1063 Maiz
372 1015 495 1072 data,
530 1015 695 1063 scribit.
723 1016 898 1064 Etenim
923 1027 1044 1062 tanta
1062 1034 1154 1063 non
1177 1027 1268 1063 erat
1289 1015 1402 1064 inter
1425 1028 1656 1084 utramque

234 1092 402 1149 urbem,
424 1091 645 1139 Mutinam
662 1110 711 1139 ac
732 1093 918 1140 Romam
936 1091 1162 1149 distantia,
1182 1103 1232 1140 ut
1247 1092 1406 1140 nunciis·
1423 1098 1440 1117 ²
1460 1093 1656 1160 quinque

234 1170 392 1218 diebus
416 1182 530 1218 esset
549 1188 673 1235 opus.

296 1249 365 1295 Ex
387 1247 469 1294 hac
491 1265 626 1312 porro
649 1264 798 1312 pugna
819 1247 883 1294 M.
909 1246 1134 1294 Antonius
1165 1265 1263 1294 cum
1291 1246 1462 1309 integro
1492 1245 1507 1270 ³
1532 1247 1653 1312 equi—

232 1337 326 1374 tatu
348 1325 552 1374 recedens
563 1362 574 1382 ‚
595 1324 698 1372 hora
719 1324 844 1372 noctis·
855 1334 1000 1390 quarta
1021 1343 1063 1373 se
1081 1325 1121 1372 in
1136 1334 1268 1372 castra
1282 1342 1357 1372 sua
1374 1323 1434 1371 ad
1445 1324 1653 1372 Mutinam

231 1402 379 1467 recepit
395 1399 411 1431 4
433 1420 443 1458 3
467 1401 544 1450 sed
569 1401 719 1467 paucis
743 1413 849 1468 post
871 1401 1033 1450 diebus
1048 1401 1210 1449 iterum
1227 1400 1400 1448 Hirtius
1423 1401 1654 1467 Caesarque

232 1497 332 1527 cum
347 1498 400 1528 eo
419 1480 507 1528 acie
525 1480 749 1542 congressi
768 1480 860 1544 ejus
876 1481 1025 1546 copias
1043 1479 1294 1528 deleverunt
1307 1516 1319 1537 ,
1342 1479 1577 1545 ipsumque
1596 1479 1652 1527 ad

231 1554 380 1617 fugam
403 1554 709 1620 compulerunt
734 1554 764 1602 ⁵.
803 1555 939 1618 Quod
963 1554 1116 1603 Cicero
1152 1554 1352 1620 Epistola
1382 1555 1524 1601 Bruto
1553 1572 1653 1602 nar-

230 1652 331 1681 rans
350 1654 359 1680 :
379 1655 401 1675 «
420 1633 609 1690 Hirtius,
623 1633 782 1698 inquit,
799 1633 844 1680 in
860 1633 956 1698 ipsa
968 1632 1148 1680 victoria
1164 1632 1339 1690 occidit,
1357 1650 1493 1697 quum
1502 1633 1652 1698 paucis

235 1732 256 1752 »
287 1709 445 1757 diebus
469 1711 621 1772 (NB.)
645 1728 805 1771 magno
843 1708 994 1774 praelio
1027 1721 1126 1757 ante
1157 1709 1331 1757 vicisset
1353 1727 1363 1755 ε
1387 1704 1651 1757 nam'Pansa

234 1811 256 1831 »
284 1788 479 1850 fugerat,
503 1786 759 1835 vulneribus
780 1787 990 1853 acceptis,
1017 1805 1114 1852 quae
1134 1786 1245 1834 ferre
1264 1805 1354 1833 non
1375 1785 1533 1850 potuit.
1559 1806 1582 1827 »

291 1868 368 1914 IV.
406 1866 592 1913 Mensem
613 1864 815 1930 insuper,
840 1875 972 1929 atque
994 1863 1098 1911 diem
1121 1861 1331 1910 natalium
1355 1859 1544 1909 Ovidius
1566 1880 1647 1909 nos

228 1945 382 1993 docuit
404 1943 553 1992 eadem
573 1941 722 2005 Elegia
741 1980 752 2000 ,
775 1960 884 1990 vers.
911 1941 1031 2006 9-14
1053 1961 1063 1988 ε

443 2043 518 2079 Nec
533 2042 634 2087 stirps
650 2041 762 2086 prima
777 2040 845 2081 fui3
865 2038 983 2084 genito
999 2039 1071 2083 jam
1088 2038 1197 2072 fratre
1214 2045 1366 2082 creatus,

431 2092 434 2095 ¹
490 2101 563 2147 Qui
579 2101 687 2135 tribus
703 2107 783 2135 ante
800 2106 924 2145 quater
939 2098 1116 2133 mensibus
1132 2105 1229 2133 ortus
1245 2105 1329 2133 erat.

444 2161 582 2197 Lucifer
597 2161 782 2195 amborum
799 2159 971 2194 natalibus
987 2158 1100 2193 adsuit
1115 2158 1220 2194 idem.

493 2223 570 2256 Una
586 2222 757 2257 celebrata
775 2228 827 2256 est
842 2233 905 2265 per
920 2219 991 2254 duo
1007 2219 1075 2254 liba
1092 2221 1176 2253 dies.

440 2284 523 2318 Hoec
536 2288 588 2317 est
602 2281 776 2316 armiferae
793 2279 886 2315 festis
902 2279 945 2314 de
961 2279 1116 2325 quinque
1133 2279 1306 2315 Minervae
1325 2304 1334 2322 ,

490 2342 581 2387 Quae
598 2341 674 2377 fieri
692 2354 807 2387 pugna
822 2341 935 2386 prima
950 2347 1097 2375 cruenta
1112 2339 1208 2375 solet.

267 2452 280 2472 1
304 2449 378 2484 Lib.
397 2450 431 2484 X
446 2475 455 2492 ,
474 2448 540 2494 Ep.
565 2459 635 2482 xxx
650 2475 659 2492 ,
678 2446 790 2482 famil.

267 2507 284 2528 ²
308 2506 431 2552 Qualis
447 2518 521 2540 non
537 2512 611 2540 erat
625 2505 740 2549 Lupus
752 2529 761 2547 ‚
784 2503 829 2538 D.
846 2503 948 2538 Bruti
965 2510 1000 2538 et
1018 2502 1198 2541 Ciceronis
1212 2501 1409 2546 familiaris,
1427 2502 1487 2548 qui
1503 2504 1646 2538 Romam

225 2568 319 2597 sexto
336 2563 390 2595 die
405 2562 541 2594 JJIutina
556 2563 662 2603 venit,
680 2559 738 2593 lib.
754 2559 808 2594 XI
821 2584 831 2602 ,
849 2558 958 2604 Epist.
972 2559 1081 2593 famil.
1105 2571 1152 2593 v1.

267 2615 281 2637 ³
304 2615 387 2649 Vid.
403 2615 517 2650 Cicer.
532 2616 588 2649 lib.
601 2616 634 2649 X
645 2641 655 2658 ,
676 2615 740 2660 Ep.
755 2626 814 2658 xv,
832 2626 972 2660 xxxnt,
991 2624 1101 2651 xxxn'
1114 2627 1124 2655 ς
1138 2620 1174 2650 et
1186 2613 1244 2649 lib.
1259 2614 1332 2659 XI,
1353 2613 1418 2659 Ep.
1433 2625 1455 2648 x
1471 2612 1513 2648 ad
1527 2611 1611 2646 fam.

268 2673 283 2697 ί
305 2673 406 2707 Idem
422 2671 478 2706 lib.
495 2673 527 2705 X
539 2698 548 2715 ,
566 2672 632 2716 Ep.
649 2682 719 2706 xxx
732 2671 774 2705 ad
787 2671 869 2705 sam.

270 2729 284 2751 ⁵
308 2727 393 2770 Dio,
414 2727 471 2762 lib.
488 2727 609 2762 XLVI
625 2752 634 2771 ‚
651 2739 726 2772 pag.
742 2727 825 2769 318,
843 2733 906 2763 etc.
