1794 3100
264 253 351 296 236
694 255 746 296 P.
793 254 1028 298 OVIDII
1073 253 1254 298 VITA

263 368 286 389 »
315 345 435 412 quit,
457 356 647 408 gesserat
665 345 940 394 consulatum
955 365 1023 394 an.
1041 347 1097 393 U.
1121 346 1170 394 C.
1198 354 1379 394 DCCLxx
1395 382 1407 404 ,
1433 345 1680 411 Pomponio

263 445 287 465 »
319 422 518 471 Graecino
530 422 569 469 fr
571 422 653 469 atri
668 422 863 471 semestri
876 422 1047 471 consuli
1059 422 1246 471 suffecto
1261 441 1486 471 successor
1498 421 1675 480 datus;»

260 518 451 565 quorum
483 499 667 546 fratrum
696 498 975 562 magistratus
1007 498 1157 547 laudat
1185 499 1398 558 Ovidius,
1424 499 1503 548 lib.
1534 501 1599 548 IV
1625 482 1679 547 de

259 571 432 631 Ponto,
458 572 585 636 Eleg.
612 583 677 621 lx'.

323 649 506 698 Aliud
495 668 673 715 1nsuper
704 661 1008 712 argumentum
1032 669 1082 699 ex
1109 650 1410 718 inscriptionis
1432 651 1677 715 fragmento

261 739 538 785 mutuamur,
565 727 684 792 quod
708 727 825 794 apud
844 726 905 774 ill.
933 727 1209 794 Ciampinum
1232 731 1386 778 Romae
1404 729 1678 778 adservatum

258 805 310 853 cl.
330 805 533 854 Henricus
550 803 694 870 Copes,
715 805 844 871 Sylva
854 806 1074 854 Dueensis
1091 818 1277 864 senator,
1289 807 1343 855 ad
1360 806 1679 875 amplissimum

263 883 468 949 Capetum
508 883 868 930 Daventriensem
905 882 1151 941 consulem,
1176 903 1226 931 ac
1260 885 1440 933 summis
1473 879 1679 950 pluribus

257 959 353 1008 aliis
387 959 643 1007 muneribus
665 971 751 1007 tam
775 959 946 1022 egregie
969 959 1170 1007 functum
1192 959 1333 1017 misit,
1358 959 1561 1025 Epistola
1585 961 1680 1009 Ross

258 1056 336 1084 mae
356 1055 424 1084 an.
451 1038 499 1084 C.
528 1049 823 1085 MDCLXXXXV
847 1036 969 1093 data,
997 1037 1121 1101 cujus
1142 1036 1446 1102 apographum
1471 1036 1679 1085 eruditis-

263 1114 400 1162 simus
420 1133 468 1161 ac
482 1114 768 1162 amicissimus
789 1114 854 1161 vir
875 1112 1073 1161 Eduard.
1105 1113 1340 1162 Holthenus
1359 1107 1677 1180 Ultrajectinus

259 1208 428 1238 mecum
466 1189 828 1247 communicavit,
865 1201 907 1237 et
931 1189 1051 1255 quod
1082 1200 1235 1256 postea
1264 1190 1383 1256 apud
1411 1189 1466 1239 cl.
1497 1189 1677 1238 Fabret-

254 1276 338 1313 tum
370 1273 377 1291 ¹
409 1267 622 1330 integrius
646 1266 843 1350 legimus.
868 1267 919 1314 ld
944 1268 1006 1315 sic
1029 1286 1074 1316 se
1097 1266 1261 1315 habet:

521 1380 683 1417 GELOS
709 1382 819 1417 DIVI
844 1381 1068 1416 AVGVSTI
1094 1382 1132 1415 L.
1157 1381 1223 1415 EX
1245 1380 1386 1415 DEC..

565 1447 694 1483 POST
717 1447 944 1483 MORTEM
968 1448 1081 1482 FILII
1105 1447 1186 1483 SVI
1211 1447 1321 1483 ΝΟ..

707 1514 856 1550 FECIT
882 1516 947 1550 ET
973 1514 1128 1550 DEDIC
1142 1541 1149 1549 .
1163 1541 1170 1548 .
1185 1540 1192 1548 .
1208 1541 1215 1548 .

471 1583 557 1617 1111.
582 1581 751 1617 NONAS
775 1581 934 1617 MAIAS
960 1583 1003 1617 Τ.
1027 1582 1262 1618 STATILIO
1288 1581 1464 1618 TAVRO

799 1648 838 1684 P.
863 1648 1062 1683 ΡΟΜΡΟ.
1074 1673 1085 1683 .
1099 1673 1107 1681 .
1120 1672 1128 1682 .

253 1733 352 1779 Jam
375 1750 476 1779 vero
498 1731 670 1779 Sisenna
692 1732 879 1780 Statilius
904 1733 1071 1780 Taurus
1092 1752 1181 1782 cos.
1211 1733 1458 1782 ordinarius
1490 1753 1587 1782 eum
1622 1735 1671 1783 P.

254 1808 434 1867 Libone,
461 1829 528 1857 an.
555 1812 609 1858 U.
640 1810 689 1858 C.
714 1823 940 1869 DCCLXIX,
961 1810 1116 1858 Tacito
1146 1817 1162 1834 ²
1194 1822 1237 1858 et
1259 1811 1396 1858 Dioni
1423 1809 1438 1835 ³
1462 1823 1672 1869 notatur3

254 1886 291 1933 F
291 1885 461 1952 astique
484 1887 792 1950 suffragantur.
824 1889 966 1951 Igitur
988 1888 1062 1936 ille
1086 1888 1162 1954 qui
1190 1888 1276 1935 hoc
1298 1887 1543 1950 fragmento
1575 1906 1675 1937 cum

253 1962 400 2009 Tauro
426 1962 649 2024 signatur,
674 1964 837 2030 quique
850 2001 861 2021 ‚
881 1976 932 2012 ut
950 1964 1055 2012 satis
1074 1962 1184 2011 clare
1203 1975 1403 2030 apparet,
1428 1962 1570 2012 dictus
1590 1962 1676 2011 fuit

253 2037 565 2097 POMPONIUS,
592 2039 742 2087 eodem
766 2059 882 2088 anno
909 2039 1120 2095 suffectus
1146 2039 1303 2088 consul
1333 2051 1423 2098 est,
1453 2040 1499 2087 in
1529 2039 1675 2088 locum

254 2114 366 2161 forte
379 2114 553 2163 Libonis
568 2135 583 2171 ,·
606 2135 686 2164 nec
700 2115 811 2164 alius
824 2117 995 2165 videtur
1009 2107 1027 2174 ,Ι
1046 2136 1176 2184 quam
1193 2117 1443 2184 Pomponius
1462 2117 1675 2166 Groecz'nus

257 2190 409 2238 Ovidii
438 2191 627 2249 amicus,
652 2210 702 2239 ac
725 2192 781 2240 L.
814 2192 1035 2258 Pomponii
1056 2193 1213 2249 ,Flacci
1238 2192 1382 2241 frater.
1420 2192 1673 2241 Dolendum

253 2277 343 2322 est,
381 2266 503 2332 quod
526 2266 672 2314 omnia
693 2267 784 2332 ejus
802 2268 980 2316 nomina
1002 2268 1086 2332 legi
1104 2288 1197 2317 non
1212 2267 1449 2335 potuerint.
1487 2268 1674 2318 Taurum

253 2363 389 2409 porro
414 2345 579 2393 ibidem
612 2359 899 2395 memoratum
932 2348 1129 2396 eumdem
1162 2365 1256 2396 esse
1282 2366 1380 2396 cum
1406 2347 1538 2411 hujus
1569 2346 1674 2394 anni

258 2423 464 2482 consule,
499 2423 624 2486 facile
665 2425 890 2489 colligitur
924 2446 976 2475 ex
1010 2425 1097 2475 alio
1130 2426 1274 2493 lapide
1307 2420 1478 2488 integro
1498 2462 1510 2482 ,
1540 2444 1674 2491 penes

194 2517 198 2521 ·
256 2502 454 2550 eumdem
478 2502 542 2551 ill.
572 2502 854 2571 Ciampinum,
892 2525 1020 2572 quem
1053 2506 1147 2571 ipse
1175 2504 1229 2553 cl.
1270 2505 1416 2570 Copes
1446 2504 1574 2555 etiam
1595 2503 1673 2552 de·-

298 2617 307 2635 ¹
330 2614 430 2661 Synt.
447 2616 555 2652 Inscr.
570 2631 645 2663 pag.
663 2632 722 2663 70¹
737 2645 746 2663 ,
765 2632 799 2654 n.
818 2620 889 2663 224.

297 2678 311 2694 ²
339 2675 464 2709 Annal.
482 2675 539 2710 lib.
556 2678 592 2712 11
607 2704 617 2721 ,
634 2691 705 2723 cap.
725 2693 749 2713 ι.

298 2734 311 2756 3
335 2736 408 2771 Lib.
427 2737 552 2779 LVII,
572 2750 645 2785 pag.
660 2739 734 2771 (312.
