1794 3100
504 236 589 281 ET
622 233 1134 279 PRAEFATIONES.
1447 239 1533 300 287

109 327 326 381 cesseritis
346 330 554 378 Senecam
578 328 624 377 id
649 320 794 378 totum
828 327 980 377 Ovidii
1010 347 1180 378 carmen
1202 329 1504 396 pei-volutasse
1523 371 1536 391 ,

109 407 335 458 edidicisse
350 446 362 467 ‚
381 409 429 456 in
445 407 586 457 libros
608 427 713 457 suos
735 407 1035 465 transtulisse;
1054 427 1137 471 ego
1154 407 1282 456 vobis
1304 409 1540 458 concedam

107 503 179 533 me
199 483 344 532 nihilo
368 483 470 552 plus
492 502 643 551 sapere
662 503 793 551 quam
810 485 974 533 betam.
1003 484 1049 534 Si
1070 491 1164 532 non
1183 484 1265 533 erit
1283 484 1444 544 otium,
1463 497 1541 534 aut

109 561 282 631 pigebit
304 561 550 629 perlegere,
582 562 715 611 istum
749 561 948 612 laborem
980 563 1109 612 vobis
1134 563 1324 622 demam,
1349 575 1394 612 et
1423 564 1541 612 inter

109 639 415 707 explicandum
438 639 696 704 singillatim
718 640 928 690 indicabo
953 640 1061 708 quid
1095 659 1145 688 ex
1178 640 1340 690 ovidio
1377 641 1541 694 Seneca

110 718 367 784 sumpserit,
386 717 494 785 quid
514 718 810 786 subripuerit:
829 738 959 786 quam
977 729 1121 767 astute
1135 717 1424 768 dissimularit
1440 739 1541 769 mu-

110 806 261 854 tuum,
292 806 337 843 et
360 814 492 861 quam
522 795 678 845 callide
708 796 989 845 commutatis
1023 795 1197 854 verbis,
1230 814 1311 844 ceu
1334 797 1475 860 signis
1498 810 1543 846 et

109 875 231 924 notis
254 874 568 924 sententiarum
583 913 596 933 ,
619 875 787 924 furtum
812 893 942 924 suum
967 873 1212 923 occultarit.
1238 874 1545 942 Interpellabit

112 951 187 1000 hic
209 952 371 1019 aliquis
389 991 402 1012 ‚
426 964 471 1002 et
492 972 517 1001 a
541 972 611 1002 me
637 953 850 1002 Ovidium
873 953 990 1002 dicet
1009 951 1121 1001 falso
1142 951 1383 1001 alienarum
1402 953 1545 1002 virtu—

115 1042 209 1079 tum
230 1030 454 1097 praeconio
483 1032 783 1081 commendari
808 1052 818 1090 3
851 1031 1060 1099 quoniam
1095 1030 1258 1080 eruditi
1287 1031 1370 1079 viri
1402 1049 1547 1098 nuper

113 1109 218 1158 huic
242 1110 424 1160 carmini
447 1112 497 1160 C.
525 1111 721 1160 Pedonis
738 1111 1009 1160 Albinovani
1029 1130 1191 1160 nomen
1209 1110 1542 1179 inscripserunt.

113 1189 287 1245 Fateor,
304 1200 350 1237 et
367 1187 488 1237 valde
503 1207 599 1237 sum
613 1188 879 1247 admiratus3
897 1209 977 1238 nec
996 1189 1140 1238 adhuc
1156 1188 1402 1253 intelligere
1419 1190 1548 1257 potui

114 1282 194 1312 cur
215 1264 262 1313 id
288 1264 488 1314 fecerint.
517 1267 698 1315 Veteres
722 1279 838 1315 certe
858 1266 1137 1315 membranas
1156 1304 1168 1324 ,
1199 1265 1431 1333 librosque
1453 1287 1548 1316 ma-

113 1341 393 1410 nuscriptos,
414 1343 529 1392 sicut
549 1356 874 1393 consueverunt
892 1382 903 1403 ,
924 1345 1017 1410 ejus
1037 1344 1100 1392 rei
1119 1355 1251 1393 testes
1274 1344 1425 1393 nullos
1444 1365 1548 1412 pro—

114 1421 312 1471 ducunt:
338 1434 382 1471 et
397 1460 410 1481 ,
446 1434 497 1471 ut
518 1422 839 1490 producerent,
867 1422 968 1490 quis
992 1441 1143 1488 aequus
1166 1433 1331 1489 praetor
1361 1421 1547 1472 infirmis

114 1510 159 1548 et
181 1500 482 1555 titubantibus
515 1500 799 1550 librariorum
830 1500 1094 1550 testimoniis
1115 1499 1247 1549 fidem
1269 1499 1481 1559 haberet,
1505 1512 1549 1550 et

115 1577 359 1626 secundum
380 1596 532 1627 eorum
557 1578 732 1627 tabulas
756 1578 878 1627 litem
903 1578 1028 1627 daret
1048 1597 1058 1636 ;
1101 1596 1152 1626 ac
1178 1596 1270 1625 non
1299 1578 1450 1644 potius
1473 1598 1545 1627 ve-

117 1666 228 1704 taret
242 1655 479 1705 interdicto
493 1676 548 1705 ne
568 1657 758 1705 Ovidius
778 1656 831 1705 de
845 1657 1027 1723 antiqua
1043 1656 1325 1723 possessione
1336 1694 1347 1714 ,
1369 1668 1411 1704 et
1427 1657 1549 1706 velut

115 1733 171 1783 de
187 1734 306 1783 avito
322 1735 463 1783 fundo
481 1734 890 1801 dejiceretur?.Alio
908 1735 1174 1798 confugiunt
1186 1772 1198 1790 ,
1223 1746 1266 1782 et
1280 1734 1546 1784 Ovidianum

115 1811 407 1862 characterem
431 1832 524 1862 non
547 1833 664 1872 esse,
690 1813 822 1862 nobis
845 1813 1108 1880 persuadere
1144 1824 1374 1862 conantur.
1407 1814 1549 1880 Equi-

118 1891 218 1942 dem
243 1892 279 1942 si
303 1912 500 1942 versarer
527 1893 575 1941 in
605 1893 714 1941 meis
739 1893 886 1941 numis
902 1904 985 1956 ,et
1018 1892 1083 1940 illi
1118 1911 1274 1959 parum
1305 1892 1549 1959 locupletes

117 1982 290 2029 essent,
314 1990 454 2020 meam
493 1970 584 2020 illis
615 1971 847 2038 pecuniam
871 1970 1001 2020 citius
1026 1990 1153 2037 quam
1176 1970 1290 2019 istuc
1311 1971 1545 2019 crederem.

119 2047 258 2111 Quod
279 2060 427 2096 autem
455 2048 606 2106 aiunt,
633 2048 836 2098 clientem
859 2049 1110 2096 Drusorum
1140 2048 1275 2097 fuisse
1298 2047 1546 2096 Albinova-

120 2143 252 2181 num,
277 2136 322 2173 et
343 2125 508 2173 idcirco
526 2125 619 2174 haec
637 2126 861 2193 scripsisse
878 2127 926 2173 in
947 2125 1122 2174 laudem
1147 2125 1311 2183 Drusi,
1332 2125 1459 2190 cujus
1473 2144 1548 2173 co—

119 2220 210 2250 mes
234 2201 283 2250 in
313 2202 547 2251 Germania
569 2202 748 2261 fuisset,
772 2215 815 2251 et
836 2202 1159 2266 navigationem
1176 2203 1223 2250 in
1248 2203 1428 2250 Oceano
1449 2221 1549 2250 ver-

120 2279 246 2329 sibus
272 2271 548 2338 mandasset,
571 2299 722 2328 eorum
752 2299 860 2347 pace
892 2281 1101 2340 dixerim,
1126 2281 1288 2329 frustra
1314 2291 1419 2329 sunt
1448 2299 1458 2327 :
1486 2279 1548 2327 si-

121 2359 300 2425 quidem
324 2378 375 2407 ex
407 2358 462 2407 iis
490 2358 600 2425 ipsis
629 2358 852 2416 versibus,
884 2359 959 2425 qui
984 2358 1204 2425 hodieque
1236 2369 1408 2406 exstant
1431 2357 1549 2423 apud

121 2438 330 2486 Senecam
343 2476 356 2496 ,
375 2450 420 2487 et
437 2457 488 2487 ex
508 2437 716 2487 Cornelio
727 2438 883 2487 Tacito
896 2476 907 2496 ,
932 2438 1039 2487 satis
1055 2436 1216 2505 liquet,
1235 2457 1326 2485 non
1345 2437 1397 2484 ad
1416 2437 1548 2502 hujus

120 2514 289 2572 Drusi,
316 2515 394 2563 sed
415 2516 470 2563 ad
495 2514 743 2564 Germanici
765 2513 845 2562 filii
869 2514 1191 2578 navigationem
1212 2532 1287 2561 eos
1309 2530 1459 2561 versus
1481 2532 1547 2561 re·

123 2592 227 2641 ferri
241 2605 458 2659 oportere.
479 2595 571 2642 Nec
585 2592 743 2642 melius
756 2592 953 2641 divinant
965 2631 976 2652 ,
996 2612 1132 2659 quum
1146 2591 1420 2641 hariolantur
1434 2611 1549 2641 eum-

123 2670 223 2719 dem
239 2689 331 2720 esse
351 2671 528 2720 Celsum
547 2671 876 2720 Albinovanum
891 2707 902 2729 ,
927 2671 1114 2720 scribam
1137 2671 1308 2720 Tiberii
1325 2671 1515 2719 Neronis
1534 2709 1544 2728 ,

125 2749 335 2816 aequalem
366 2762 408 2799 et
442 2750 700 2801 familiarem
734 2750 924 2798 Horatii.
960 2751 1199 2816 Nunquam
1230 2749 1306 2798 ille
1342 2750 1426 2799 fuit
1457 2762 1544 2798 tam
