<?xml version="1.0" encoding="UTF-8"?>
<!DOCTYPE html PUBLIC "-//W3C//DTD XHTML 1.0 Transitional//EN"
    "http://www.w3.org/TR/xhtml1/DTD/xhtml1-transitional.dtd">
<html xmlns="http://www.w3.org/1999/xhtml" xml:lang="en" lang="en">
 <head>
  <title>
</title>
<meta http-equiv="Content-Type" content="text/html;charset=utf-8" />
  <meta name='ocr-system' content='tesseract 3.04.00' />
  <meta name='ocr-capabilities' content='ocr_page ocr_carea ocr_par ocr_line ocrx_word'/>
</head>
<body>
  <div class='ocr_page' id='page_1' title='image "./quaeextantomniao08oviduoft_0075.png"; bbox 0 0 1794 3100; ppageno 0'>
   <div class='ocr_carea' id='block_1_1' title="bbox 557 265 1546 311">
    <p class='ocr_par' dir='ltr' id='par_1_1' title="bbox 557 265 1546 311">
     <span class='ocr_line' id='line_1_1' title="bbox 557 265 1546 311; baseline -0.001 0"><span class='ocrx_word' id='word_1_1' title='bbox 557 266 628 311; x_wconf 90' lang='lat' dir='ltr'><strong>IN</strong></span> <span class='ocrx_word' id='word_1_2' title='bbox 659 265 900 311; x_wconf 88' lang='lat' dir='ltr'>OVIDII</span> <span class='ocrx_word' id='word_1_3' title='bbox 934 265 1100 309; x_wconf 94' lang='lat' dir='ltr'><strong>IBIN.</strong></span> <span class='ocrx_word' id='word_1_4' title='bbox 1489 267 1546 310; x_wconf 87' lang='lat'><strong>65</strong></span> 
     </span>
    </p>
   </div>
   <div class='ocr_carea' id='block_1_2' title="bbox 122 356 1567 1663">
    <p class='ocr_par' dir='ltr' id='par_1_2' title="bbox 122 356 1567 1663">
     <span class='ocr_line' id='line_1_2' title="bbox 128 356 1555 425; baseline -0.001 -16"><span class='ocrx_word' id='word_1_5' title='bbox 128 385 156 409; x_wconf 63' lang='grc' dir='ltr'><strong>ιι</strong></span> <span class='ocrx_word' id='word_1_6' title='bbox 182 373 412 413; x_wconf 80' lang='lat' dir='ltr'><strong>tentatum.</strong></span> <span class='ocrx_word' id='word_1_7' title='bbox 443 360 593 425; x_wconf 86' lang='lat' dir='ltr'><strong>Hujus</strong></span> <span class='ocrx_word' id='word_1_8' title='bbox 615 359 804 408; x_wconf 85' lang='lat' dir='ltr'><strong>libertus</strong></span> <span class='ocrx_word' id='word_1_9' title='bbox 828 358 915 406; x_wconf 84' lang='lat' dir='ltr'><strong>suit</strong></span> <span class='ocrx_word' id='word_1_10' title='bbox 936 357 1084 405; x_wconf 83' lang='lat' dir='ltr'>Julius</span> <span class='ocrx_word' id='word_1_11' title='bbox 1107 356 1363 414; x_wconf 82' lang='lat' dir='ltr'><strong>Modestus,</strong></span> <span class='ocrx_word' id='word_1_12' title='bbox 1383 359 1430 406; x_wconf 89' lang='lat' dir='ltr'><strong>in</strong></span> <span class='ocrx_word' id='word_1_13' title='bbox 1458 371 1555 408; x_wconf 89' lang='lat' dir='ltr'><strong>stu-</strong></span> 
     </span>
     <span class='ocr_line' id='line_1_3' title="bbox 129 428 1552 507; baseline -0.004 -17"><span class='ocrx_word' id='word_1_14' title='bbox 129 463 154 485; x_wconf 75' lang='lat'>»</span> <span class='ocrx_word' id='word_1_15' title='bbox 171 441 267 490; x_wconf 83' lang='lat' dir='ltr'><strong>diis</strong></span> <span class='ocrx_word' id='word_1_16' title='bbox 289 451 421 507; x_wconf 88' lang='lat' dir='ltr'><strong>atque</strong></span> <span class='ocrx_word' id='word_1_17' title='bbox 445 438 642 486; x_wconf 84' lang='lat' dir='ltr'><strong>doctrina</strong></span> <span class='ocrx_word' id='word_1_18' title='bbox 669 428 851 499; x_wconf 84' lang='lat' dir='ltr'><strong>vestigia</strong></span> <span class='ocrx_word' id='word_1_19' title='bbox 871 435 1045 501; x_wconf 88' lang='lat' dir='ltr'><strong>patroni</strong></span> <span class='ocrx_word' id='word_1_20' title='bbox 1070 445 1258 483; x_wconf 89' lang='lat' dir='ltr'><strong>secutus.</strong></span> <span class='ocrx_word' id='word_1_21' title='bbox 1284 457 1306 477; x_wconf 85' lang='lat'>»</span> <span class='ocrx_word' id='word_1_22' title='bbox 1333 436 1437 484; x_wconf 86' lang='lat' dir='ltr'><strong>Haec</strong></span> <span class='ocrx_word' id='word_1_23' title='bbox 1455 435 1552 496; x_wconf 86' lang='lat' dir='ltr'><strong>ille,</strong></span> 
     </span>
     <span class='ocr_line' id='line_1_4' title="bbox 122 511 1556 584; baseline -0.003 -16"><span class='ocrx_word' id='word_1_24' title='bbox 122 518 256 584; x_wconf 82' lang='lat' dir='ltr'><strong>cujus</strong></span> <span class='ocrx_word' id='word_1_25' title='bbox 276 517 409 566; x_wconf 82' lang='lat' dir='ltr'><strong>verba</strong></span> <span class='ocrx_word' id='word_1_26' title='bbox 434 515 668 579; x_wconf 80' lang='lat' dir='ltr'><strong>diligenter</strong></span> <span class='ocrx_word' id='word_1_27' title='bbox 690 526 735 562; x_wconf 91' lang='lat' dir='ltr'><strong>et</strong></span> <span class='ocrx_word' id='word_1_28' title='bbox 756 514 845 562; x_wconf 90' lang='lat' dir='ltr'><strong>acri</strong></span> <span class='ocrx_word' id='word_1_29' title='bbox 867 511 1033 578; x_wconf 88' lang='lat' dir='ltr'><strong>judicio</strong></span> <span class='ocrx_word' id='word_1_30' title='bbox 1059 531 1270 580; x_wconf 86' lang='lat' dir='ltr'><strong>perpensa</strong></span> <span class='ocrx_word' id='word_1_31' title='bbox 1299 533 1392 562; x_wconf 92' lang='lat' dir='ltr'><strong>non</strong></span> <span class='ocrx_word' id='word_1_32' title='bbox 1415 513 1556 564; x_wconf 86' lang='lat' dir='ltr'><strong>levem</strong></span> 
     </span>
     <span class='ocr_line' id='line_1_5' title="bbox 124 589 1552 661; baseline -0.003 -18"><span class='ocrx_word' id='word_1_33' title='bbox 124 593 369 661; x_wconf 83' lang='lat' dir='ltr'><strong>suspicioni</strong></span> <span class='ocrx_word' id='word_1_34' title='bbox 389 611 496 641; x_wconf 87' lang='lat' dir='ltr'><strong>meae</strong></span> <span class='ocrx_word' id='word_1_35' title='bbox 517 610 667 639; x_wconf 88' lang='lat' dir='ltr'><strong>ansam</strong></span> <span class='ocrx_word' id='word_1_36' title='bbox 685 590 881 656; x_wconf 85' lang='lat' dir='ltr'><strong>praebere</strong></span> <span class='ocrx_word' id='word_1_37' title='bbox 899 589 1118 637; x_wconf 87' lang='lat' dir='ltr'><strong>videntur.</strong></span> <span class='ocrx_word' id='word_1_38' title='bbox 1139 590 1293 653; x_wconf 82' lang='lat' dir='ltr'><strong>Quum</strong></span> <span class='ocrx_word' id='word_1_39' title='bbox 1316 590 1431 638; x_wconf 88' lang='lat' dir='ltr'><strong>enim</strong></span> <span class='ocrx_word' id='word_1_40' title='bbox 1455 593 1552 658; x_wconf 87' lang='lat' dir='ltr'><strong>Hy-</strong></span> 
     </span>
     <span class='ocr_line' id='line_1_6' title="bbox 126 666 1556 735; baseline -0.001 -15"><span class='ocrx_word' id='word_1_41' title='bbox 126 672 283 735; x_wconf 81' lang='lat' dir='ltr'><strong>ginum</strong></span> <span class='ocrx_word' id='word_1_42' title='bbox 307 669 472 720; x_wconf 83' lang='lat' dir='ltr'><strong>Ovidio</strong></span> <span class='ocrx_word' id='word_1_43' title='bbox 493 668 878 718; x_wconf 82' lang='lat' dir='ltr'><strong>familiarissimum</strong></span> <span class='ocrx_word' id='word_1_44' title='bbox 903 666 1039 716; x_wconf 84' lang='lat' dir='ltr'><strong>fuisse</strong></span> <span class='ocrx_word' id='word_1_45' title='bbox 1061 667 1169 715; x_wconf 85' lang='lat' dir='ltr'><strong>dicit</strong></span> <span class='ocrx_word' id='word_1_46' title='bbox 1184 705 1196 725; x_wconf 92' lang='lat'><strong>,</strong></span> <span class='ocrx_word' id='word_1_47' title='bbox 1220 667 1299 716; x_wconf 87' lang='lat' dir='ltr'><strong>ubi</strong></span> <span class='ocrx_word' id='word_1_48' title='bbox 1330 668 1463 716; x_wconf 92' lang='lat' dir='ltr'><strong>modo</strong></span> <span class='ocrx_word' id='word_1_49' title='bbox 1487 669 1556 718; x_wconf 88' lang='lat' dir='ltr'><strong>vel</strong></span> 
     </span>
     <span class='ocr_line' id='line_1_7' title="bbox 127 744 1557 812; baseline 0 -15"><span class='ocrx_word' id='word_1_50' title='bbox 127 748 177 797; x_wconf 86' lang='lat' dir='ltr'><strong>in</strong></span> <span class='ocrx_word' id='word_1_51' title='bbox 215 747 423 797; x_wconf 88' lang='lat' dir='ltr'><strong>omnibus</strong></span> <span class='ocrx_word' id='word_1_52' title='bbox 463 747 698 812; x_wconf 90' lang='lat' dir='ltr'><strong>utriusque</strong></span> <span class='ocrx_word' id='word_1_53' title='bbox 728 744 1029 794; x_wconf 78' lang='lat' dir='ltr'><strong>monumentis</strong></span> <span class='ocrx_word' id='word_1_54' title='bbox 1059 756 1190 793; x_wconf 80' lang='lat' dir='ltr'><strong>tantae</strong></span> <span class='ocrx_word' id='word_1_55' title='bbox 1219 746 1557 797; x_wconf 81' lang='lat' dir='ltr'><strong>necessitudinis</strong></span> 
     </span>
     <span class='ocr_line' id='line_1_8' title="bbox 129 822 1557 890; baseline -0.001 -15"><span class='ocrx_word' id='word_1_56' title='bbox 129 826 364 890; x_wconf 82' lang='lat' dir='ltr'><strong>vestigium</strong></span> <span class='ocrx_word' id='word_1_57' title='bbox 383 825 554 874; x_wconf 81' lang='lat' dir='ltr'><strong>exstat?</strong></span> <span class='ocrx_word' id='word_1_58' title='bbox 580 823 771 873; x_wconf 89' lang='lat' dir='ltr'><strong>Ovidius</strong></span> <span class='ocrx_word' id='word_1_59' title='bbox 795 822 850 871; x_wconf 89' lang='lat' dir='ltr'><strong>ad</strong></span> <span class='ocrx_word' id='word_1_60' title='bbox 871 841 1077 879; x_wconf 88' lang='lat' dir='ltr'><strong>uxorem,</strong></span> <span class='ocrx_word' id='word_1_61' title='bbox 1101 822 1161 869; x_wconf 88' lang='lat' dir='ltr'><strong>ad</strong></span> <span class='ocrx_word' id='word_1_62' title='bbox 1180 823 1339 871; x_wconf 91' lang='lat' dir='ltr'><strong>Carum</strong></span> <span class='ocrx_word' id='word_1_63' title='bbox 1357 862 1369 882; x_wconf 90' lang='lat'><strong>,</strong></span> <span class='ocrx_word' id='word_1_64' title='bbox 1394 824 1448 872; x_wconf 90' lang='lat' dir='ltr'><strong>ad</strong></span> <span class='ocrx_word' id='word_1_65' title='bbox 1475 825 1557 873; x_wconf 91' lang='lat' dir='ltr'><strong>Pe-</strong></span> 
     </span>
     <span class='ocr_line' id='line_1_9' title="bbox 127 897 1559 960; baseline -0.001 -10"><span class='ocrx_word' id='word_1_66' title='bbox 127 901 307 960; x_wconf 74' lang='lat' dir='ltr'><strong>rillam,</strong></span> <span class='ocrx_word' id='word_1_67' title='bbox 329 901 386 950; x_wconf 83' lang='lat' dir='ltr'><strong>ad</strong></span> <span class='ocrx_word' id='word_1_68' title='bbox 407 902 620 957; x_wconf 84' lang='lat' dir='ltr'><strong>Brutum,</strong></span> <span class='ocrx_word' id='word_1_69' title='bbox 640 899 705 947; x_wconf 82' lang='lat' dir='ltr'><strong>ad·</strong></span> <span class='ocrx_word' id='word_1_70' title='bbox 721 898 966 947; x_wconf 83' lang='lat' dir='ltr'><strong>Maximum</strong></span> <span class='ocrx_word' id='word_1_71' title='bbox 982 934 993 955; x_wconf 87' lang='lat'><strong>,</strong></span> <span class='ocrx_word' id='word_1_72' title='bbox 1014 897 1067 945; x_wconf 86' lang='lat' dir='ltr'><strong>ad</strong></span> <span class='ocrx_word' id='word_1_73' title='bbox 1093 897 1306 946; x_wconf 85' lang='lat' dir='ltr'><strong>Rufinum</strong></span> <span class='ocrx_word' id='word_1_74' title='bbox 1321 937 1333 956; x_wconf 90' lang='lat'><strong>,</strong></span> <span class='ocrx_word' id='word_1_75' title='bbox 1354 901 1410 948; x_wconf 87' lang='lat' dir='ltr'><strong>ad</strong></span> <span class='ocrx_word' id='word_1_76' title='bbox 1434 901 1559 949; x_wconf 87' lang='lat' dir='ltr'><strong>Grae-</strong></span> 
     </span>
     <span class='ocr_line' id='line_1_10' title="bbox 130 975 1561 1037; baseline -0.001 -9"><span class='ocrx_word' id='word_1_77' title='bbox 130 979 303 1037; x_wconf 85' lang='lat' dir='ltr'><strong>cinum,</strong></span> <span class='ocrx_word' id='word_1_78' title='bbox 323 979 380 1028; x_wconf 89' lang='lat' dir='ltr'><strong>ad</strong></span> <span class='ocrx_word' id='word_1_79' title='bbox 398 977 688 1028; x_wconf 86' lang='lat' dir='ltr'><strong>Messalinum</strong></span> <span class='ocrx_word' id='word_1_80' title='bbox 704 1015 715 1035; x_wconf 96' lang='lat'><strong>,</strong></span> <span class='ocrx_word' id='word_1_81' title='bbox 738 977 793 1025; x_wconf 89' lang='lat' dir='ltr'><strong>ad</strong></span> <span class='ocrx_word' id='word_1_82' title='bbox 813 977 1019 1024; x_wconf 87' lang='lat' dir='ltr'><strong>Severum</strong></span> <span class='ocrx_word' id='word_1_83' title='bbox 1032 1013 1042 1033; x_wconf 91' lang='lat'><strong>‚</strong></span> <span class='ocrx_word' id='word_1_84' title='bbox 1063 975 1118 1023; x_wconf 89' lang='lat' dir='ltr'><strong>ad</strong></span> <span class='ocrx_word' id='word_1_85' title='bbox 1136 975 1361 1034; x_wconf 83' lang='lat' dir='ltr'><strong>Flaccum,</strong></span> <span class='ocrx_word' id='word_1_86' title='bbox 1383 978 1437 1026; x_wconf 90' lang='lat' dir='ltr'><strong>ad</strong></span> <span class='ocrx_word' id='word_1_87' title='bbox 1453 979 1561 1027; x_wconf 90' lang='lat' dir='ltr'><strong>Ger-</strong></span> 
     </span>
     <span class='ocr_line' id='line_1_11' title="bbox 129 1051 1562 1114; baseline 0 -10"><span class='ocrx_word' id='word_1_88' title='bbox 129 1055 372 1113; x_wconf 89' lang='lat' dir='ltr'><strong>manicum,</strong></span> <span class='ocrx_word' id='word_1_89' title='bbox 388 1055 444 1104; x_wconf 90' lang='lat' dir='ltr'><strong>ad</strong></span> <span class='ocrx_word' id='word_1_90' title='bbox 462 1053 673 1102; x_wconf 86' lang='lat' dir='ltr'><strong>Solanum</strong></span> <span class='ocrx_word' id='word_1_91' title='bbox 688 1091 700 1110; x_wconf 90' lang='lat'><strong>,</strong></span> <span class='ocrx_word' id='word_1_92' title='bbox 722 1052 776 1100; x_wconf 91' lang='lat' dir='ltr'><strong>ad</strong></span> <span class='ocrx_word' id='word_1_93' title='bbox 790 1051 988 1100; x_wconf 89' lang='lat' dir='ltr'><strong>Atticum</strong></span> <span class='ocrx_word' id='word_1_94' title='bbox 1003 1089 1014 1110; x_wconf 92' lang='lat'>‚</span> <span class='ocrx_word' id='word_1_95' title='bbox 1035 1051 1091 1099; x_wconf 91' lang='lat' dir='ltr'><strong>ad</strong></span> <span class='ocrx_word' id='word_1_96' title='bbox 1108 1052 1284 1101; x_wconf 79' lang='lat' dir='ltr'><strong>Cottam</strong></span> <span class='ocrx_word' id='word_1_97' title='bbox 1296 1092 1307 1111; x_wconf 93' lang='lat'><strong>,</strong></span> <span class='ocrx_word' id='word_1_98' title='bbox 1326 1054 1383 1101; x_wconf 90' lang='lat' dir='ltr'><strong>ad</strong></span> <span class='ocrx_word' id='word_1_99' title='bbox 1398 1056 1562 1114; x_wconf 90' lang='lat' dir='ltr'><strong>Cotim,</strong></span> 
     </span>
     <span class='ocr_line' id='line_1_12' title="bbox 129 1127 1565 1190; baseline 0.001 -11"><span class='ocrx_word' id='word_1_100' title='bbox 129 1131 189 1179; x_wconf 88' lang='lat' dir='ltr'><strong>ad</strong></span> <span class='ocrx_word' id='word_1_101' title='bbox 212 1130 420 1181; x_wconf 87' lang='lat' dir='ltr'><strong>Suillium</strong></span> <span class='ocrx_word' id='word_1_102' title='bbox 439 1170 452 1190; x_wconf 94' lang='lat'><strong>,</strong></span> <span class='ocrx_word' id='word_1_103' title='bbox 476 1131 532 1179; x_wconf 90' lang='lat' dir='ltr'><strong>ad</strong></span> <span class='ocrx_word' id='word_1_104' title='bbox 557 1130 908 1188; x_wconf 90' lang='lat' dir='ltr'><strong>Albinovanum,</strong></span> <span class='ocrx_word' id='word_1_105' title='bbox 933 1128 988 1177; x_wconf 85' lang='lat' dir='ltr'><strong>ad</strong></span> <span class='ocrx_word' id='word_1_106' title='bbox 1014 1127 1285 1187; x_wconf 70' lang='lat' dir='ltr'><strong>Gallionem,</strong></span> <span class='ocrx_word' id='word_1_107' title='bbox 1309 1130 1361 1178; x_wconf 89' lang='lat' dir='ltr'><strong>ad</strong></span> <span class='ocrx_word' id='word_1_108' title='bbox 1381 1132 1565 1181; x_wconf 89' lang='lat' dir='ltr'><strong>Tutica-</strong></span> 
     </span>
     <span class='ocr_line' id='line_1_13' title="bbox 131 1207 1567 1278; baseline 0.002 -19"><span class='ocrx_word' id='word_1_109' title='bbox 131 1229 239 1259; x_wconf 90' lang='lat' dir='ltr'><strong>num</strong></span> <span class='ocrx_word' id='word_1_110' title='bbox 263 1210 475 1278; x_wconf 83' lang='lat' dir='ltr'><strong>epistolas</strong></span> <span class='ocrx_word' id='word_1_111' title='bbox 496 1210 655 1268; x_wconf 81' lang='lat' dir='ltr'><strong>mittit,</strong></span> <span class='ocrx_word' id='word_1_112' title='bbox 680 1209 735 1257; x_wconf 89' lang='lat' dir='ltr'><strong>ad</strong></span> <span class='ocrx_word' id='word_1_113' title='bbox 762 1207 990 1275; x_wconf 84' lang='lat' dir='ltr'><strong>Hyginum</strong></span> <span class='ocrx_word' id='word_1_114' title='bbox 1012 1227 1115 1256; x_wconf 85' lang='lat' dir='ltr'><strong>vero</strong></span> <span class='ocrx_word' id='word_1_115' title='bbox 1139 1207 1320 1257; x_wconf 89' lang='lat' dir='ltr'><strong>nullam.</strong></span> <span class='ocrx_word' id='word_1_116' title='bbox 1350 1210 1422 1258; x_wconf 88' lang='lat' dir='ltr'><strong>An</strong></span> <span class='ocrx_word' id='word_1_117' title='bbox 1453 1211 1567 1262; x_wconf 87' lang='lat' dir='ltr'><strong>forte</strong></span> 
     </span>
     <span class='ocr_line' id='line_1_14' title="bbox 131 1286 1564 1354; baseline 0.003 -19"><span class='ocrx_word' id='word_1_118' title='bbox 131 1286 206 1337; x_wconf 89' lang='lat' dir='ltr'><strong>ille</strong></span> <span class='ocrx_word' id='word_1_119' title='bbox 227 1299 297 1336; x_wconf 90' lang='lat' dir='ltr'><strong>est</strong></span> <span class='ocrx_word' id='word_1_120' title='bbox 320 1287 377 1336; x_wconf 89' lang='lat' dir='ltr'><strong>ad</strong></span> <span class='ocrx_word' id='word_1_121' title='bbox 401 1306 532 1354; x_wconf 88' lang='lat' dir='ltr'><strong>quem</strong></span> <span class='ocrx_word' id='word_1_122' title='bbox 557 1305 797 1354; x_wconf 85' lang='lat' dir='ltr'><strong>suppresso</strong></span> <span class='ocrx_word' id='word_1_123' title='bbox 822 1286 1003 1334; x_wconf 85' lang='lat' dir='ltr'><strong>nomine</strong></span> <span class='ocrx_word' id='word_1_124' title='bbox 1033 1286 1165 1334; x_wconf 86' lang='lat' dir='ltr'><strong>toties</strong></span> <span class='ocrx_word' id='word_1_125' title='bbox 1197 1287 1387 1336; x_wconf 82' lang='lat' dir='ltr'><strong>scribit?</strong></span> <span class='ocrx_word' id='word_1_126' title='bbox 1417 1292 1564 1339; x_wconf 90' lang='lat' dir='ltr'><strong>neuti-</strong></span> 
     </span>
     <span class='ocr_line' id='line_1_15' title="bbox 134 1362 1567 1432; baseline 0.001 -18"><span class='ocrx_word' id='word_1_127' title='bbox 134 1373 281 1432; x_wconf 80' lang='lat' dir='ltr'><strong>quam.</strong></span> <span class='ocrx_word' id='word_1_128' title='bbox 300 1362 530 1431; x_wconf 79' lang='lat' dir='ltr'><strong>Hyginum</strong></span> <span class='ocrx_word' id='word_1_129' title='bbox 547 1363 660 1410; x_wconf 91' lang='lat' dir='ltr'><strong>enim</strong></span> <span class='ocrx_word' id='word_1_130' title='bbox 678 1362 913 1410; x_wconf 86' lang='lat' dir='ltr'><strong>admodum</strong></span> <span class='ocrx_word' id='word_1_131' title='bbox 928 1381 1165 1429; x_wconf 80' lang='lat' dir='ltr'><strong>pauperem</strong></span> <span class='ocrx_word' id='word_1_132' title='bbox 1182 1363 1419 1414; x_wconf 87' lang='lat' dir='ltr'><strong>decessisse</strong></span> <span class='ocrx_word' id='word_1_133' title='bbox 1431 1368 1567 1416; x_wconf 90' lang='lat' dir='ltr'><strong>Tran-</strong></span> 
     </span>
     <span class='ocr_line' id='line_1_16' title="bbox 134 1439 1566 1512; baseline 0 -20"><span class='ocrx_word' id='word_1_134' title='bbox 134 1443 303 1512; x_wconf 91' lang='lat' dir='ltr'><strong>quillus</strong></span> <span class='ocrx_word' id='word_1_135' title='bbox 316 1443 398 1502; x_wconf 86' lang='lat' dir='ltr'><strong>ait·‚</strong></span> <span class='ocrx_word' id='word_1_136' title='bbox 413 1442 600 1492; x_wconf 83' lang='lat' dir='ltr'><strong>alterum</strong></span> <span class='ocrx_word' id='word_1_137' title='bbox 616 1441 812 1498; x_wconf 87' lang='lat' dir='ltr'><strong>divitem,</strong></span> <span class='ocrx_word' id='word_1_138' title='bbox 826 1452 958 1507; x_wconf 88' lang='lat' dir='ltr'><strong>atque</strong></span> <span class='ocrx_word' id='word_1_139' title='bbox 970 1439 1135 1507; x_wconf 88' lang='lat' dir='ltr'><strong>opibus</strong></span> <span class='ocrx_word' id='word_1_140' title='bbox 1147 1440 1445 1490; x_wconf 87' lang='lat' dir='ltr'><strong>abundantem</strong></span> <span class='ocrx_word' id='word_1_141' title='bbox 1465 1442 1566 1494; x_wconf 81' lang='lat' dir='ltr'><strong>fuis-</strong></span> 
     </span>
     <span class='ocr_line' id='line_1_17' title="bbox 135 1517 1567 1586; baseline -0.001 -14"><span class='ocrx_word' id='word_1_142' title='bbox 135 1542 209 1581; x_wconf 88' lang='lat' dir='ltr'><strong>se,</strong></span> <span class='ocrx_word' id='word_1_143' title='bbox 233 1524 355 1571; x_wconf 85' lang='lat' dir='ltr'><strong>Naso</strong></span> <span class='ocrx_word' id='word_1_144' title='bbox 381 1520 542 1569; x_wconf 85' lang='lat' dir='ltr'><strong>diserte</strong></span> <span class='ocrx_word' id='word_1_145' title='bbox 570 1519 771 1586; x_wconf 86' lang='lat' dir='ltr'><strong>prodidit</strong></span> <span class='ocrx_word' id='word_1_146' title='bbox 796 1518 866 1566; x_wconf 85' lang='lat' dir='ltr'><strong>his</strong></span> <span class='ocrx_word' id='word_1_147' title='bbox 896 1517 1117 1575; x_wconf 86' lang='lat' dir='ltr'><strong>versibus,</strong></span> <span class='ocrx_word' id='word_1_148' title='bbox 1146 1537 1257 1584; x_wconf 89' lang='lat' dir='ltr'><strong>quos</strong></span> <span class='ocrx_word' id='word_1_149' title='bbox 1293 1519 1349 1566; x_wconf 89' lang='lat' dir='ltr'><strong>ad</strong></span> <span class='ocrx_word' id='word_1_150' title='bbox 1378 1521 1567 1570; x_wconf 90' lang='lat' dir='ltr'><strong>amicum</strong></span> 
     </span>
     <span class='ocr_line' id='line_1_18' title="bbox 134 1594 1565 1663; baseline -0.001 -15"><span class='ocrx_word' id='word_1_151' title='bbox 134 1599 294 1659; x_wconf 74' lang='lat' dir='ltr'><strong>mittit,</strong></span> <span class='ocrx_word' id='word_1_152' title='bbox 307 1597 433 1663; x_wconf 86' lang='lat' dir='ltr'><strong>cujus</strong></span> <span class='ocrx_word' id='word_1_153' title='bbox 450 1615 613 1645; x_wconf 89' lang='lat' dir='ltr'><strong>nomen</strong></span> <span class='ocrx_word' id='word_1_154' title='bbox 630 1594 838 1644; x_wconf 85' lang='lat' dir='ltr'><strong>consulto</strong></span> <span class='ocrx_word' id='word_1_155' title='bbox 858 1594 1075 1661; x_wconf 80' lang='lat' dir='ltr'><strong>praeterit,</strong></span> <span class='ocrx_word' id='word_1_156' title='bbox 1099 1594 1295 1643; x_wconf 57' lang='lat' dir='ltr'><strong>Trinium</strong></span> <span class='ocrx_word' id='word_1_157' title='bbox 1307 1635 1319 1651; x_wconf 87' lang='lat'><strong>,</strong></span> <span class='ocrx_word' id='word_1_158' title='bbox 1342 1597 1420 1655; x_wconf 93' lang='lat' dir='ltr'><strong>IV,</strong></span> <span class='ocrx_word' id='word_1_159' title='bbox 1437 1597 1504 1645; x_wconf 90' lang='lat' dir='ltr'><strong>El.</strong></span> <span class='ocrx_word' id='word_1_160' title='bbox 1519 1612 1565 1646; x_wconf 90' lang='lat' dir='ltr'><strong>V:</strong></span> 
     </span>
    </p>
   </div>
   <div class='ocr_carea' id='block_1_3' title="bbox 353 1691 1316 2135">
    <p class='ocr_par' dir='ltr' id='par_1_3' title="bbox 353 1691 1161 1795">
     <span class='ocr_line' id='line_1_19' title="bbox 353 1691 1161 1737; baseline -0.004 -8"><span class='ocrx_word' id='word_1_161' title='bbox 353 1694 408 1730; x_wconf 85' lang='lat' dir='ltr'><strong>O!</strong></span> <span class='ocrx_word' id='word_1_162' title='bbox 424 1693 512 1728; x_wconf 82' lang='lat' dir='ltr'><strong>mihi</strong></span> <span class='ocrx_word' id='word_1_163' title='bbox 528 1692 671 1728; x_wconf 86' lang='lat' dir='ltr'><strong>dilectos</strong></span> <span class='ocrx_word' id='word_1_164' title='bbox 687 1693 781 1728; x_wconf 81' lang='lat' dir='ltr'><strong>inter</strong></span> <span class='ocrx_word' id='word_1_165' title='bbox 794 1705 866 1727; x_wconf 88' lang='lat' dir='ltr'><strong>sors</strong></span> <span class='ocrx_word' id='word_1_166' title='bbox 885 1692 998 1737; x_wconf 84' lang='lat' dir='ltr'><strong>prima</strong></span> <span class='ocrx_word' id='word_1_167' title='bbox 1012 1691 1161 1736; x_wconf 83' lang='lat' dir='ltr'><strong>sodales,</strong></span> 
     </span>
     <span class='ocr_line' id='line_1_20' title="bbox 395 1748 1035 1795; baseline -0.005 -8"><span class='ocrx_word' id='word_1_168' title='bbox 395 1751 512 1787; x_wconf 82' lang='lat' dir='ltr'><strong>Unica</strong></span> <span class='ocrx_word' id='word_1_169' title='bbox 529 1750 681 1785; x_wconf 79' lang='lat' dir='ltr'><strong>fortunis</strong></span> <span class='ocrx_word' id='word_1_170' title='bbox 698 1762 757 1784; x_wconf 84' lang='lat' dir='ltr'><strong>ara</strong></span> <span class='ocrx_word' id='word_1_171' title='bbox 771 1756 910 1795; x_wconf 84' lang='lat' dir='ltr'><strong>reperta</strong></span> <span class='ocrx_word' id='word_1_172' title='bbox 925 1748 1035 1790; x_wconf 86' lang='lat' dir='ltr'><strong>meis;</strong></span> 
     </span>
    </p>

    <p class='ocr_par' dir='ltr' id='par_1_4' title="bbox 357 1805 1316 1909">
     <span class='ocr_line' id='line_1_21' title="bbox 357 1805 1316 1855; baseline -0.002 -11"><span class='ocrx_word' id='word_1_173' title='bbox 357 1809 471 1855; x_wconf 79' lang='lat' dir='ltr'><strong>Cujus</strong></span> <span class='ocrx_word' id='word_1_174' title='bbox 487 1809 529 1843; x_wconf 90' lang='lat' dir='ltr'><strong>ab</strong></span> <span class='ocrx_word' id='word_1_175' title='bbox 545 1807 714 1852; x_wconf 88' lang='lat' dir='ltr'><strong>adloquiis</strong></span> <span class='ocrx_word' id='word_1_176' title='bbox 730 1806 847 1841; x_wconf 86' lang='lat' dir='ltr'><strong>anima</strong></span> <span class='ocrx_word' id='word_1_177' title='bbox 864 1806 936 1842; x_wconf 83' lang='lat' dir='ltr'><strong>haec</strong></span> <span class='ocrx_word' id='word_1_178' title='bbox 951 1805 1163 1841; x_wconf 80' lang='lat' dir='ltr'><strong>moribunda</strong></span> <span class='ocrx_word' id='word_1_179' title='bbox 1177 1806 1316 1850; x_wconf 80' lang='lat' dir='ltr'><strong>revixit,</strong></span> 
     </span>
     <span class='ocr_line' id='line_1_22' title="bbox 397 1861 1123 1909; baseline -0.004 -10"><span class='ocrx_word' id='word_1_180' title='bbox 397 1864 451 1899; x_wconf 84' lang='lat' dir='ltr'><strong>Ut</strong></span> <span class='ocrx_word' id='word_1_181' title='bbox 465 1862 546 1909; x_wconf 86' lang='lat' dir='ltr'><strong>vigil</strong></span> <span class='ocrx_word' id='word_1_182' title='bbox 563 1862 679 1897; x_wconf 78' lang='lat' dir='ltr'><strong>infusa</strong></span> <span class='ocrx_word' id='word_1_183' title='bbox 696 1862 837 1897; x_wconf 86' lang='lat' dir='ltr'><strong>Pallade</strong></span> <span class='ocrx_word' id='word_1_184' title='bbox 854 1861 998 1897; x_wconf 86' lang='lat' dir='ltr'><strong>ssamma</strong></span> <span class='ocrx_word' id='word_1_185' title='bbox 1013 1862 1100 1897; x_wconf 85' lang='lat' dir='ltr'><strong>solet</strong></span> <span class='ocrx_word' id='word_1_186' title='bbox 1115 1877 1123 1903; x_wconf 90' lang='lat'>;</span> 
     </span>
    </p>

    <p class='ocr_par' dir='ltr' id='par_1_5' title="bbox 357 1919 1174 2022">
     <span class='ocr_line' id='line_1_23' title="bbox 357 1919 1174 1968; baseline -0.002 -12"><span class='ocrx_word' id='word_1_187' title='bbox 357 1921 437 1968; x_wconf 85' lang='lat' dir='ltr'><strong>Qui</strong></span> <span class='ocrx_word' id='word_1_188' title='bbox 452 1921 583 1955; x_wconf 82' lang='lat' dir='ltr'><strong>veritus</strong></span> <span class='ocrx_word' id='word_1_189' title='bbox 599 1933 675 1954; x_wconf 86' lang='lat' dir='ltr'><strong>non</strong></span> <span class='ocrx_word' id='word_1_190' title='bbox 693 1933 728 1954; x_wconf 90' lang='lat' dir='ltr'><strong>es</strong></span> <span class='ocrx_word' id='word_1_191' title='bbox 744 1926 866 1965; x_wconf 85' lang='lat' dir='ltr'><strong>portus</strong></span> <span class='ocrx_word' id='word_1_192' title='bbox 881 1919 1015 1965; x_wconf 87' lang='lat' dir='ltr'><strong>aperire</strong></span> <span class='ocrx_word' id='word_1_193' title='bbox 1033 1919 1152 1954; x_wconf 83' lang='lat' dir='ltr'><strong>fideles</strong></span> <span class='ocrx_word' id='word_1_194' title='bbox 1165 1946 1174 1963; x_wconf 89' lang='lat'><strong>,</strong></span> 
     </span>
     <span class='ocr_line' id='line_1_24' title="bbox 404 1975 1152 2022; baseline -0.004 -9"><span class='ocrx_word' id='word_1_195' title='bbox 404 1976 569 2013; x_wconf 83' lang='lat' dir='ltr'><strong>Fulmine</strong></span> <span class='ocrx_word' id='word_1_196' title='bbox 584 1989 755 2022; x_wconf 80' lang='lat' dir='ltr'><strong>percussae</strong></span> <span class='ocrx_word' id='word_1_197' title='bbox 770 1975 1045 2021; x_wconf 80' lang='lat' dir='ltr'><strong>confugiumque</strong></span> <span class='ocrx_word' id='word_1_198' title='bbox 1061 1976 1127 2011; x_wconf 81' lang='lat' dir='ltr'><strong>rati</strong></span> <span class='ocrx_word' id='word_1_199' title='bbox 1144 1991 1152 2018; x_wconf 91' lang='lat'>;</span> 
     </span>
    </p>

    <p class='ocr_par' dir='ltr' id='par_1_6' title="bbox 359 2033 1256 2135">
     <span class='ocr_line' id='line_1_25' title="bbox 359 2033 1256 2079; baseline -0.001 -11"><span class='ocrx_word' id='word_1_200' title='bbox 359 2033 474 2079; x_wconf 79' lang='lat' dir='ltr'><strong>Cujus</strong></span> <span class='ocrx_word' id='word_1_201' title='bbox 489 2046 587 2068; x_wconf 79' lang='lat' dir='ltr'><strong>eram</strong></span> <span class='ocrx_word' id='word_1_202' title='bbox 603 2046 710 2068; x_wconf 88' lang='lat' dir='ltr'><strong>censu</strong></span> <span class='ocrx_word' id='word_1_203' title='bbox 727 2045 802 2067; x_wconf 89' lang='lat' dir='ltr'><strong>non</strong></span> <span class='ocrx_word' id='word_1_204' title='bbox 818 2045 875 2066; x_wconf 90' lang='lat' dir='ltr'><strong>me</strong></span> <span class='ocrx_word' id='word_1_205' title='bbox 891 2045 1055 2067; x_wconf 86' lang='lat' dir='ltr'><strong>sensurus</strong></span> <span class='ocrx_word' id='word_1_206' title='bbox 1070 2039 1234 2078; x_wconf 82' lang='lat' dir='ltr'><strong>egentem</strong></span> <span class='ocrx_word' id='word_1_207' title='bbox 1247 2059 1256 2077; x_wconf 85' lang='lat'><strong>,</strong></span> 
     </span>
     <span class='ocr_line' id='line_1_26' title="bbox 401 2088 1024 2135; baseline -0.002 -11"><span class='ocrx_word' id='word_1_208' title='bbox 401 2089 439 2124; x_wconf 84' lang='lat' dir='ltr'><strong>Si</strong></span> <span class='ocrx_word' id='word_1_209' title='bbox 458 2088 577 2125; x_wconf 84' lang='lat' dir='ltr'><strong>Caesar</strong></span> <span class='ocrx_word' id='word_1_210' title='bbox 592 2089 720 2135; x_wconf 84' lang='lat' dir='ltr'><strong>patrias</strong></span> <span class='ocrx_word' id='word_1_211' title='bbox 735 2089 919 2133; x_wconf 84' lang='lat' dir='ltr'><strong>eripuisset</strong></span> <span class='ocrx_word' id='word_1_212' title='bbox 934 2101 1024 2133; x_wconf 89' lang='lat' dir='ltr'><strong>opes.</strong></span> 
     </span>
    </p>
   </div>
   <div class='ocr_carea' id='block_1_4' title="bbox 141 2167 1573 2698">
    <p class='ocr_par' dir='ltr' id='par_1_7' title="bbox 141 2167 1573 2698">
     <span class='ocr_line' id='line_1_27' title="bbox 141 2167 1565 2239; baseline 0.003 -22"><span class='ocrx_word' id='word_1_213' title='bbox 141 2167 314 2217; x_wconf 86' lang='lat' dir='ltr'><strong>Deinde</strong></span> <span class='ocrx_word' id='word_1_214' title='bbox 336 2168 383 2215; x_wconf 91' lang='lat' dir='ltr'><strong>in</strong></span> <span class='ocrx_word' id='word_1_215' title='bbox 405 2186 455 2215; x_wconf 91' lang='lat' dir='ltr'><strong>ea</strong></span> <span class='ocrx_word' id='word_1_216' title='bbox 478 2167 665 2234; x_wconf 89' lang='lat' dir='ltr'><strong>epistola</strong></span> <span class='ocrx_word' id='word_1_217' title='bbox 688 2187 819 2227; x_wconf 85' lang='lat' dir='ltr'><strong>uxor,</strong></span> <span class='ocrx_word' id='word_1_218' title='bbox 842 2167 973 2217; x_wconf 84' lang='lat' dir='ltr'><strong>liberi</strong></span> <span class='ocrx_word' id='word_1_219' title='bbox 998 2180 1041 2216; x_wconf 91' lang='lat' dir='ltr'><strong>et</strong></span> <span class='ocrx_word' id='word_1_220' title='bbox 1065 2167 1199 2217; x_wconf 88' lang='lat' dir='ltr'><strong>frater</strong></span> <span class='ocrx_word' id='word_1_221' title='bbox 1219 2169 1333 2236; x_wconf 87' lang='lat' dir='ltr'><strong>ejus,</strong></span> <span class='ocrx_word' id='word_1_222' title='bbox 1358 2171 1414 2218; x_wconf 89' lang='lat' dir='ltr'><strong>ad</strong></span> <span class='ocrx_word' id='word_1_223' title='bbox 1435 2188 1565 2239; x_wconf 88' lang='lat' dir='ltr'><strong>quem</strong></span> 
     </span>
     <span class='ocr_line' id='line_1_28' title="bbox 143 2246 1568 2314; baseline 0.004 -20"><span class='ocrx_word' id='word_1_224' title='bbox 143 2247 305 2314; x_wconf 88' lang='lat' dir='ltr'><strong>scripta</strong></span> <span class='ocrx_word' id='word_1_225' title='bbox 327 2257 420 2303; x_wconf 87' lang='lat' dir='ltr'><strong>est,</strong></span> <span class='ocrx_word' id='word_1_226' title='bbox 445 2257 847 2294; x_wconf 88' lang='lat' dir='ltr'><strong>commemorantur</strong></span> <span class='ocrx_word' id='word_1_227' title='bbox 865 2284 876 2303; x_wconf 94' lang='lat'><strong>,</strong></span> <span class='ocrx_word' id='word_1_228' title='bbox 898 2261 1085 2312; x_wconf 87' lang='lat' dir='ltr'><strong>quorum</strong></span> <span class='ocrx_word' id='word_1_229' title='bbox 1099 2246 1337 2296; x_wconf 89' lang='lat' dir='ltr'><strong>Suetonius</strong></span> <span class='ocrx_word' id='word_1_230' title='bbox 1355 2252 1374 2306; x_wconf 65' lang='lat'><strong>‚⁸</strong></span> <span class='ocrx_word' id='word_1_231' title='bbox 1392 2262 1568 2299; x_wconf 84' lang='lat' dir='ltr'><strong>caetero-</strong></span> 
     </span>
     <span class='ocr_line' id='line_1_29' title="bbox 144 2322 1571 2392; baseline 0.004 -19"><span class='ocrx_word' id='word_1_232' title='bbox 144 2325 223 2392; x_wconf 88' lang='lat' dir='ltr'><strong>qui</strong></span> <span class='ocrx_word' id='word_1_233' title='bbox 241 2343 333 2372; x_wconf 89' lang='lat' dir='ltr'><strong>non</strong></span> <span class='ocrx_word' id='word_1_234' title='bbox 353 2323 618 2381; x_wconf 87' lang='lat' dir='ltr'><strong>omissurus,</strong></span> <span class='ocrx_word' id='word_1_235' title='bbox 634 2322 798 2372; x_wconf 91' lang='lat' dir='ltr'><strong>nullam</strong></span> <span class='ocrx_word' id='word_1_236' title='bbox 813 2324 1078 2372; x_wconf 87' lang='lat' dir='ltr'><strong>mentionem</strong></span> <span class='ocrx_word' id='word_1_237' title='bbox 1093 2324 1238 2374; x_wconf 87' lang='lat' dir='ltr'><strong>habet.</strong></span> <span class='ocrx_word' id='word_1_238' title='bbox 1260 2327 1409 2376; x_wconf 85' lang='lat' dir='ltr'><strong>Unum</strong></span> <span class='ocrx_word' id='word_1_239' title='bbox 1424 2348 1477 2377; x_wconf 89' lang='lat' dir='ltr'><strong>au</strong></span> <span class='ocrx_word' id='word_1_240' title='bbox 1485 2341 1571 2380; x_wconf 91' lang='lat' dir='ltr'><strong>tem</strong></span> 
     </span>
     <span class='ocr_line' id='line_1_30' title="bbox 142 2400 1573 2468; baseline 0.003 -18"><span class='ocrx_word' id='word_1_241' title='bbox 142 2413 187 2450; x_wconf 91' lang='lat' dir='ltr'><strong>et</strong></span> <span class='ocrx_word' id='word_1_242' title='bbox 210 2401 412 2450; x_wconf 92' lang='lat' dir='ltr'><strong>eumdem</strong></span> <span class='ocrx_word' id='word_1_243' title='bbox 434 2419 526 2449; x_wconf 88' lang='lat' dir='ltr'><strong>esse</strong></span> <span class='ocrx_word' id='word_1_244' title='bbox 551 2400 852 2448; x_wconf 77' lang='lat' dir='ltr'><strong>animadverto</strong></span> <span class='ocrx_word' id='word_1_245' title='bbox 867 2437 878 2457; x_wconf 93' lang='lat'><strong>,</strong></span> <span class='ocrx_word' id='word_1_246' title='bbox 902 2401 957 2448; x_wconf 90' lang='lat' dir='ltr'><strong>ad</strong></span> <span class='ocrx_word' id='word_1_247' title='bbox 977 2421 1106 2468; x_wconf 89' lang='lat' dir='ltr'><strong>quem</strong></span> <span class='ocrx_word' id='word_1_248' title='bbox 1128 2403 1316 2451; x_wconf 91' lang='lat' dir='ltr'><strong>Ovidius</strong></span> <span class='ocrx_word' id='word_1_249' title='bbox 1337 2405 1469 2454; x_wconf 88' lang='lat' dir='ltr'><strong>tacito</strong></span> <span class='ocrx_word' id='word_1_250' title='bbox 1489 2427 1573 2456; x_wconf 86' lang='lat' dir='ltr'><strong>no-</strong></span> 
     </span>
     <span class='ocr_line' id='line_1_31' title="bbox 141 2475 1567 2544; baseline 0.005 -19"><span class='ocrx_word' id='word_1_251' title='bbox 141 2477 259 2525; x_wconf 90' lang='lat' dir='ltr'><strong>mine</strong></span> <span class='ocrx_word' id='word_1_252' title='bbox 273 2475 447 2525; x_wconf 89' lang='lat' dir='ltr'><strong>literas</strong></span> <span class='ocrx_word' id='word_1_253' title='bbox 436 2488 596 2524; x_wconf 79' lang='lat' dir='ltr'><strong>iterum</strong></span> <span class='ocrx_word' id='word_1_254' title='bbox 616 2487 748 2542; x_wconf 89' lang='lat' dir='ltr'><strong>atque</strong></span> <span class='ocrx_word' id='word_1_255' title='bbox 767 2476 924 2525; x_wconf 88' lang='lat' dir='ltr'><strong>iterum</strong></span> <span class='ocrx_word' id='word_1_256' title='bbox 945 2476 1081 2526; x_wconf 88' lang='lat' dir='ltr'><strong>dedit.</strong></span> <span class='ocrx_word' id='word_1_257' title='bbox 1099 2479 1292 2544; x_wconf 91' lang='lat' dir='ltr'><strong>Ipsemet</strong></span> <span class='ocrx_word' id='word_1_258' title='bbox 1310 2481 1425 2529; x_wconf 89' lang='lat' dir='ltr'><strong>enim</strong></span> <span class='ocrx_word' id='word_1_259' title='bbox 1443 2485 1567 2533; x_wconf 85' lang='lat' dir='ltr'><strong>testis</strong></span> 
     </span>
     <span class='ocr_line' id='line_1_32' title="bbox 143 2550 1571 2624; baseline 0.006 -23"><span class='ocrx_word' id='word_1_260' title='bbox 143 2565 232 2610; x_wconf 92' lang='lat' dir='ltr'><strong>est,</strong></span> <span class='ocrx_word' id='word_1_261' title='bbox 254 2552 305 2600; x_wconf 79' lang='lat' dir='ltr'><strong>de</strong></span> <span class='ocrx_word' id='word_1_262' title='bbox 327 2552 483 2608; x_wconf 86' lang='lat' dir='ltr'><strong>Ponto,</strong></span> <span class='ocrx_word' id='word_1_263' title='bbox 511 2552 589 2600; x_wconf 90' lang='lat' dir='ltr'><strong>lib.</strong></span> <span class='ocrx_word' id='word_1_264' title='bbox 615 2550 847 2614; x_wconf 85' lang='lat' dir='ltr'><strong>111‚Eleg.</strong></span> <span class='ocrx_word' id='word_1_265' title='bbox 869 2565 946 2611; x_wconf 76' lang='lat' dir='ltr'><strong>vl,</strong></span> <span class='ocrx_word' id='word_1_266' title='bbox 962 2552 1041 2600; x_wconf 89' lang='lat' dir='ltr'><strong>ubi</strong></span> <span class='ocrx_word' id='word_1_267' title='bbox 1065 2553 1321 2605; x_wconf 84' lang='lat' dir='ltr'><strong>familiarem</strong></span> <span class='ocrx_word' id='word_1_268' title='bbox 1340 2560 1571 2624; x_wconf 89' lang='lat' dir='ltr'><strong>quemdam</strong></span> 
     </span>
     <span class='ocr_line' id='line_1_33' title="bbox 143 2631 698 2698; baseline -0.004 -17"><span class='ocrx_word' id='word_1_269' title='bbox 143 2632 216 2681; x_wconf 82' lang='lat' dir='ltr'><strong>his</strong></span> <span class='ocrx_word' id='word_1_270' title='bbox 238 2631 384 2680; x_wconf 85' lang='lat' dir='ltr'><strong>verbis</strong></span> <span class='ocrx_word' id='word_1_271' title='bbox 408 2631 698 2698; x_wconf 87' lang='lat' dir='ltr'><strong>adloquitur.</strong></span> 
     </span>
    </p>
   </div>
   <div class='ocr_carea' id='block_1_5' title="bbox 371 2718 1312 2820">
    <p class='ocr_par' dir='ltr' id='par_1_8' title="bbox 371 2718 1312 2820">
     <span class='ocr_line' id='line_1_34' title="bbox 371 2718 1312 2767; baseline 0.003 -13"><span class='ocrx_word' id='word_1_272' title='bbox 371 2719 449 2764; x_wconf 85' lang='lat' dir='ltr'><strong>Ipse</strong></span> <span class='ocrx_word' id='word_1_273' title='bbox 466 2732 554 2766; x_wconf 84' lang='lat' dir='ltr'><strong>ego,</strong></span> <span class='ocrx_word' id='word_1_274' title='bbox 575 2718 669 2764; x_wconf 89' lang='lat' dir='ltr'><strong>quod</strong></span> <span class='ocrx_word' id='word_1_275' title='bbox 685 2718 799 2764; x_wconf 79' lang='lat' dir='ltr'><strong>primo</strong></span> <span class='ocrx_word' id='word_1_276' title='bbox 814 2718 932 2764; x_wconf 85' lang='lat' dir='ltr'><strong>scripsi</strong></span> <span class='ocrx_word' id='word_1_277' title='bbox 946 2718 1020 2754; x_wconf 88' lang='lat' dir='ltr'><strong>sine</strong></span> <span class='ocrx_word' id='word_1_278' title='bbox 1037 2721 1181 2756; x_wconf 83' lang='lat' dir='ltr'><strong>nornine</strong></span> <span class='ocrx_word' id='word_1_279' title='bbox 1197 2722 1292 2758; x_wconf 83' lang='lat' dir='ltr'><strong>vobis</strong></span> <span class='ocrx_word' id='word_1_280' title='bbox 1303 2750 1312 2767; x_wconf 84' lang='lat'>‚</span> 
     </span>
     <span class='ocr_line' id='line_1_35' title="bbox 418 2775 1020 2820; baseline 0.005 -13"><span class='ocrx_word' id='word_1_281' title='bbox 418 2775 487 2809; x_wconf 81' lang='lat' dir='ltr'><strong>Vix</strong></span> <span class='ocrx_word' id='word_1_282' title='bbox 502 2775 654 2811; x_wconf 84' lang='lat' dir='ltr'><strong>excusari</strong></span> <span class='ocrx_word' id='word_1_283' title='bbox 672 2787 770 2820; x_wconf 86' lang='lat' dir='ltr'><strong>posse</strong></span> <span class='ocrx_word' id='word_1_284' title='bbox 788 2775 873 2809; x_wconf 86' lang='lat' dir='ltr'><strong>mibi</strong></span> <span class='ocrx_word' id='word_1_285' title='bbox 890 2775 1020 2810; x_wconf 85' lang='lat' dir='ltr'><strong>videor.</strong></span> 
     </span>
    </p>
   </div>
   <div class='ocr_carea' id='block_1_6' title="bbox 309 2810 1299 2888">
    <p class='ocr_par' dir='ltr' id='par_1_9' title="bbox 309 2810 1299 2888">
     <span class='ocr_line' id='line_1_36' title="bbox 309 2810 1299 2888; baseline -0.004 -8"><span class='ocrx_word' id='word_1_286' title='bbox 309 2836 457 2881; x_wconf 67' lang='grc' dir='ltr'><strong>ΠΗ.</strong></span> <span class='ocrx_word' id='word_1_287' title='bbox 1206 2810 1211 2815; x_wconf 78' lang='grc'><strong>’</strong></span> <span class='ocrx_word' id='word_1_288' title='bbox 1270 2842 1299 2888; x_wconf 71' lang='lat'><em>5</em></span> 
     </span>
    </p>
   </div>
  </div>
 </body>
</html>
