1794 3100
443 201 535 248 DE
571 202 625 246 P.
665 201 930 247 ovmlo
960 199 1254 245 NASONE.
1438 192 1439 197 ’
1478 203 1564 248 385

189 297 252 340 De
265 293 401 337 Vetula
415 295 502 336 libri
524 296 600 335 111.
620 293 994 335 Lubecoe.-Maitt.
1010 308 1094 350 pag.
1118 293 1195 348 307
1214 310 1224 342 ς
1246 295 1463 346 Fabricius,
1486 296 1511 336 l.
1536 312 1570 338 c.

139 363 255 406 Conf.
275 363 323 404 ad
344 377 436 404 ann.
458 361 576 418 1470.

795 431 911 487 1472.

189 523 536 578 Metamorphoses.
567 522 733 563 Venetit's
754 536 825 576 per
845 521 1032 562 Jacobum
1055 521 1227 561 Rubeum
1257 524 1407 562 natione
1441 524 1572 564 Galli-

137 609 246 651 cum,
268 593 405 635 in-fol.
422 594 612 635 -Denis
635 591 1489 652 Suppl.pag.16;Panzer‚tom.lll‚.pag
1505 610 1572 651 92.

193 648 423 715 Consolatio
436 661 482 702 ad
498 661 669 710 Liviam,
692 676 778 700 cum
797 660 964 701 Ausonii
994 661 1317 716 Epigrammatum
1341 662 1477 713 libris,
1500 672 1573 704 etc.

141 729 327 778 Venetiis,
350 726 482 768 in-fol.
505 726 598 767 min·
623 742 653 767 s
676 742 715 767 n.
736 734 894 782 typogr.
928 750 982 759 ·—
1010 728 1319 778 Maitt.tom.1‚
1351 744 1435 786 pag.
1470 728 1574 779 315;

137 794 302 845 Panzer,
327 795 538 843 tom.111‚
563 807 648 848 pag.
679 807 746 850 9²·

804 881 920 939 1473.

196 972 385 1024 Epistolae
420 971 612 1012 Heroides
631 999 643 1020 ,
670 986 758 1012 cum
782 971 892 1011 Junii
922 970 1118 1012 Juvenalis
1143 971 1299 1026 Satyris.
1326 971 1373 1010 In
1395 972 1470 1011 fine
1495 973 1580 1012 He-

142 1039 296 1080 roidum
317 1053 327 1078 :
351 1057 371 1074 ιι
397 1038 568 1093 Explicit
584 1037 680 1079 liber
700 1037 832 1078 Ovidii
855 1036 1127 1088 Epistolarum.
1159 1038 1205 1076 In
1224 1037 1364 1077 Monte
1383 1039 1499 1093 regali
1516 1040 1581 1078 :in

141 1105 258 1157 plano
278 1104 384 1147 valis.
404 1105 480 1149 Per
504 1104 722 1145 Antonium
743 1103 900 1145 Mathiae
925 1104 1118 1158 quondam
1146 1103 1316 1145 Andreae
1340 1120 1349 1144 :
1382 1106 1428 1145 de
1456 1106 1583 1146 Antu-

144 1171 287 1224 uerpia.
330 1172 384 1211 Et
425 1170 651 1212 Baldisalem
701 1170 1008 1226 Corderiumque
1051 1170 1210 1212 socium.
1257 1171 1378 1213 Anno
1422 1174 1584 1214 Domini

145 1238 202 1277 M.
235 1236 397 1277 CCCC.
421 1237 599 1276 LXXIII
618 1265 629 1285 ‚
653 1235 713 1276 die
729 1237 870 1276 XVIII
892 1237 1033 1277 mensis
1057 1237 1264 1278 Februarii.
1279 1257 1299 1274 n
1332 1238 1468 1279 in-fol.
1488 1240 1583 1280 min.

144 1327 201 1336 -
223 1304 424 1347 Crevenna
442 1333 454 1353 ‚
483 1311 580 1344 tom.
605 1305 668 1342 ΙΙΙ
684 1332 695 1353 ,
712 1317 797 1360 pag.
814 1318 919 1359 2193
950 1305 1117 1355 Panzer‚
1141 1314 1237 1345 tom.
1259 1307 1298 1344 ΙΙ
1316 1335 1328 1355 ,
1353 1321 1436 1361 pag.
1467 1305 1557 1357 146.

806 1391 923 1447 1474.

69 1534 74 1537 ⁵
204 1481 369 1530 Veneta,
388 1482 424 1530 l,
441 1481 638 1532 operum,
655 1496 678 1521 2
694 1480 773 1522 vol.
787 1480 915 1521 in-fol.
942 1482 988 1520 In
999 1481 1076 1521 fine
1097 1496 1105 1520 ι
1124 1499 1142 1517 u
1160 1483 1289 1537 Hujus
1302 1496 1417 1537 opera
1432 1482 1582 1531 omnia,

147 1547 282 1588 Medea
312 1555 465 1599 excepta
493 1562 501 1586 :
537 1556 575 1587 et
606 1547 825 1602 Triumpho
858 1547 1019 1588 Caesaris
1054 1563 1063 1586 ι
1097 1556 1137 1587 et
1169 1548 1300 1589 libello
1327 1549 1395 1589 illo
1424 1549 1585 1590 Pontica

145 1613 276 1669 lingua
289 1614 507 1666 composito
533 1629 541 1652 :
566 1629 653 1668 quae
671 1613 815 1654 incuria
833 1623 1052 1666 temporum
1068 1615 1264 1669 perierunt
1281 1631 1288 1653 :
1315 1615 1482 1656 Jacobus
1498 1617 1583 1655 Ru-

147 1680 239 1722 beus
255 1712 268 1732 ‚
284 1681 441 1722 natione
460 1680 618 1736 gallicus
637 1709 648 1730 ,
674 1681 949 1722 honestissimo
975 1682 1064 1723 loco
1092 1691 1200 1723 natus
1230 1684 1276 1723 ad
1296 1683 1495 1724 utilitatem
1521 1685 1581 1724 vi-

145 1749 317 1791 vantium
342 1761 413 1788 nec
437 1763 519 1788 non
539 1756 578 1787 et
592 1756 837 1799 posterorum
861 1748 1062 1799 impressit.
1088 1749 1252 1788 Nicolao
1278 1750 1460 1790 Marcello
1488 1751 1583 1790 duce

144 1815 289 1872 inclyto
309 1814 568 1866 Venetia-um.
592 1816 648 1854 M.
666 1814 827 1855 CCCC.
848 1816 1032 1855 LXXIV.
1058 1834 1078 1851 ,ι

325 1899 682 1956 όΑΙιΡΗΠΒΝΙΙ
717 1918 951 1954 CARMEN
985 1920 1057 1954 AD
1091 1920 1404 1956 LECTOREM.

367 2014 515 2060 Perlege
539 2014 689 2050 Nasonis
705 2013 822 2049 divina
841 2021 1004 2059 poemata
1026 2015 1137 2050 lector

409 2070 596 2105 Musarum
616 2071 674 2116 qui
693 2070 742 2105 vis
761 2065 918 2105 fontibus
934 2084 1006 2106 esse
1022 2085 1130 2107 sacer.

365 2126 437 2162 Hic
451 2126 549 2161 dedit
565 2126 606 2161 ad
624 2126 776 2172 reliquos
791 2126 1000 2172 compendia
1015 2140 1154 2162 summa
1170 2135 1289 2174 poetas

412 2183 511 2218 Invia
527 2184 587 2229 qui
601 2183 735 2229 primus
752 2197 815 2230 per
831 2184 905 2220 loca
920 2185 1002 2220 fecit
1018 2185 1095 2220 iter.

371 2238 532 2285 Corpora
549 2245 603 2274 ter
618 2239 727 2283 quino
743 2247 878 2275 mutata
894 2240 1073 2276 volumine
1090 2241 1212 2286 finxit,

412 2295 521 2331 Unde
539 2294 614 2330 fere
631 2302 683 2329 est
696 2296 812 2331 omnis
830 2295 946 2330 sabula
962 2304 1047 2331 nota
1064 2297 1136 2331 tibi.

372 2351 524 2386 Alterno
541 2357 681 2386 teneros
700 2351 763 2386 tibi
777 2352 934 2387 carmine
952 2353 1033 2387 lusit
1050 2366 1211 2389 amores:

413 2407 629 2452 Sanavitque
648 2419 708 2442 sua
728 2407 875 2443 vulnera
889 2408 979 2445 facta
1000 2423 1120 2444 manu.

374 2462 513 2499 Caesare
531 2464 660 2498 dehinc
676 2464 755 2499 laeso
772 2464 924 2510 geticum
946 2467 1118 2511 relegatus
1135 2468 1170 2502 in
1190 2469 1314 2504 orbem

415 2519 626 2566 Composuit
644 2520 766 2555 Fastos
783 2548 792 2564 ,
811 2521 989 2568 exsiliique
1007 2524 1167 2559 modum.

375 2577 444 2612 Sed
466 2577 612 2624 dignum
626 2605 635 2623 ,
667 2578 740 2613 haec
753 2579 894 2614 Veneta
911 2580 972 2625 qui
988 2580 1126 2626 gallicus
1144 2582 1229 2618 urbe
1246 2583 1390 2629 jacobus

419 2635 599 2680 Impressit
613 2661 623 2679 ,
646 2635 744 2669 mirae
761 2635 919 2672 condidit
935 2637 1018 2672 artis
1036 2650 1133 2682 opus.

206 2711 371 2759 Panzer,
396 2719 492 2750 tom.
517 2712 608 2760 111,
625 2725 711 2767 pag.
739 2709 826 2759 104.

312 2787 464 2831 VIII.
1296 2795 1352 2836 25
