<?xml version="1.0" encoding="UTF-8"?>
<!DOCTYPE html PUBLIC "-//W3C//DTD XHTML 1.0 Transitional//EN"
    "http://www.w3.org/TR/xhtml1/DTD/xhtml1-transitional.dtd">
<html xmlns="http://www.w3.org/1999/xhtml" xml:lang="en" lang="en">
 <head>
  <title>
</title>
<meta http-equiv="Content-Type" content="text/html;charset=utf-8" />
  <meta name='ocr-system' content='tesseract 3.04.00' />
  <meta name='ocr-capabilities' content='ocr_page ocr_carea ocr_par ocr_line ocrx_word'/>
</head>
<body>
  <div class='ocr_page' id='page_1' title='image "./quaeextantomniao08oviduoft_0193.png"; bbox 0 0 1794 3100; ppageno 0'>
   <div class='ocr_carea' id='block_1_1' title="bbox 606 193 1595 239">
    <p class='ocr_par' dir='ltr' id='par_1_1' title="bbox 606 193 1595 239">
     <span class='ocr_line' id='line_1_1' title="bbox 606 193 1595 239; baseline -0.002 0"><span class='ocrx_word' id='word_1_1' title='bbox 606 196 736 239; x_wconf 89' lang='lat' dir='ltr'><strong>PER</strong></span> <span class='ocrx_word' id='word_1_2' title='bbox 770 195 813 238; x_wconf 87' lang='lat' dir='ltr'><strong>J.</strong></span> <span class='ocrx_word' id='word_1_3' title='bbox 850 193 1152 238; x_wconf 88' lang='lat' dir='ltr'><strong>MASSON.</strong></span> <span class='ocrx_word' id='word_1_4' title='bbox 1516 194 1595 238; x_wconf 74' lang='lat'><strong>183</strong></span> 
     </span>
    </p>
   </div>
   <div class='ocr_carea' id='block_1_2' title="bbox 160 278 1615 2314">
    <p class='ocr_par' dir='ltr' id='par_1_2' title="bbox 160 278 1604 813">
     <span class='ocr_line' id='line_1_2' title="bbox 162 278 1604 359; baseline -0.008 -15"><span class='ocrx_word' id='word_1_5' title='bbox 162 304 370 351; x_wconf 78' lang='lat' dir='ltr'><strong>exeunte,</strong></span> <span class='ocrx_word' id='word_1_6' title='bbox 390 310 482 359; x_wconf 85' lang='lat' dir='ltr'><strong>quo</strong></span> <span class='ocrx_word' id='word_1_7' title='bbox 499 290 733 353; x_wconf 83' lang='lat' dir='ltr'><strong>Augustus</strong></span> <span class='ocrx_word' id='word_1_8' title='bbox 750 301 836 338; x_wconf 83' lang='lat' dir='ltr'><strong>x1x</strong></span> <span class='ocrx_word' id='word_1_9' title='bbox 849 286 1030 336; x_wconf 85' lang='lat' dir='ltr'><strong>Sextilis</strong></span> <span class='ocrx_word' id='word_1_10' title='bbox 1049 286 1187 344; x_wconf 86' lang='lat' dir='ltr'><strong>obiit,</strong></span> <span class='ocrx_word' id='word_1_11' title='bbox 1215 287 1348 352; x_wconf 88' lang='lat' dir='ltr'><strong>coepit</strong></span> <span class='ocrx_word' id='word_1_12' title='bbox 1362 323 1373 343; x_wconf 93' lang='lat'><strong>,</strong></span> <span class='ocrx_word' id='word_1_13' title='bbox 1398 286 1464 334; x_wconf 89' lang='lat' dir='ltr'><strong>uti</strong></span> <span class='ocrx_word' id='word_1_14' title='bbox 1482 278 1604 334; x_wconf 84' lang='lat' dir='ltr'><strong>recte</strong></span> 
     </span>
     <span class='ocr_line' id='line_1_3' title="bbox 161 365 1600 423; baseline -0.006 0"><span class='ocrx_word' id='word_1_15' title='bbox 161 371 490 423; x_wconf 76' lang='lat' dir='ltr'>illustrissimus</span> <span class='ocrx_word' id='word_1_16' title='bbox 517 369 724 419; x_wconf 88' lang='lat' dir='ltr'><strong>Norisius</strong></span> <span class='ocrx_word' id='word_1_17' title='bbox 755 368 972 417; x_wconf 85' lang='lat' dir='ltr'><strong>observat.</strong></span> <span class='ocrx_word' id='word_1_18' title='bbox 1003 368 1169 416; x_wconf 83' lang='lat' dir='ltr'><strong>Verum</strong></span> <span class='ocrx_word' id='word_1_19' title='bbox 1207 365 1319 414; x_wconf 90' lang='lat' dir='ltr'><strong>male</strong></span> <span class='ocrx_word' id='word_1_20' title='bbox 1350 366 1412 414; x_wconf 90' lang='lat' dir='ltr'><strong>sic</strong></span> <span class='ocrx_word' id='word_1_21' title='bbox 1444 366 1600 415; x_wconf 81' lang='lat' dir='ltr'><strong>exinde</strong></span> 
     </span>
     <span class='ocr_line' id='line_1_4' title="bbox 160 443 1600 513; baseline -0.006 -14"><span class='ocrx_word' id='word_1_22' title='bbox 160 449 450 500; x_wconf 75' lang='lat' dir='ltr'>ratiocinatur</span> <span class='ocrx_word' id='word_1_23' title='bbox 471 468 480 497; x_wconf 93' lang='lat'>:</span> <span class='ocrx_word' id='word_1_24' title='bbox 512 469 535 501; x_wconf 83' lang='lat'>«</span> <span class='ocrx_word' id='word_1_25' title='bbox 557 447 708 511; x_wconf 85' lang='lat' dir='ltr'>Quare</span> <span class='ocrx_word' id='word_1_26' title='bbox 722 482 735 504; x_wconf 92' lang='lat'>‚</span> <span class='ocrx_word' id='word_1_27' title='bbox 759 445 931 512; x_wconf 89' lang='lat' dir='ltr'><strong>inquit,</strong></span> <span class='ocrx_word' id='word_1_28' title='bbox 955 444 1141 513; x_wconf 80' lang='lat' dir='ltr'>primam</span> <span class='ocrx_word' id='word_1_29' title='bbox 1163 444 1364 510; x_wconf 80' lang='lat' dir='ltr'><strong>hyemem</strong></span> <span class='ocrx_word' id='word_1_30' title='bbox 1382 443 1428 491; x_wconf 93' lang='lat' dir='ltr'><strong>in</strong></span> <span class='ocrx_word' id='word_1_31' title='bbox 1444 444 1600 492; x_wconf 85' lang='lat' dir='ltr'><strong>exsilio</strong></span> 
     </span>
     <span class='ocr_line' id='line_1_5' title="bbox 163 524 1601 590; baseline -0.006 -12"><span class='ocrx_word' id='word_1_32' title='bbox 163 550 189 572; x_wconf 68' lang='lat' dir='ltr'><strong>n</strong></span> <span class='ocrx_word' id='word_1_33' title='bbox 214 528 408 578; x_wconf 83' lang='lat' dir='ltr'><strong>Pontico</strong></span> <span class='ocrx_word' id='word_1_34' title='bbox 430 526 524 590; x_wconf 85' lang='lat' dir='ltr'><strong>egit</strong></span> <span class='ocrx_word' id='word_1_35' title='bbox 548 525 763 583; x_wconf 87' lang='lat' dir='ltr'><strong>Ovidius,</strong></span> <span class='ocrx_word' id='word_1_36' title='bbox 787 543 858 573; x_wconf 90' lang='lat' dir='ltr'><strong>an.</strong></span> <span class='ocrx_word' id='word_1_37' title='bbox 879 524 937 572; x_wconf 89' lang='lat' dir='ltr'><strong>U.</strong></span> <span class='ocrx_word' id='word_1_38' title='bbox 959 524 1009 572; x_wconf 87' lang='lat' dir='ltr'><strong>C.</strong></span> <span class='ocrx_word' id='word_1_39' title='bbox 1032 535 1228 572; x_wconf 81' lang='lat' dir='ltr'>DCCLXII</span> <span class='ocrx_word' id='word_1_40' title='bbox 1243 561 1255 580; x_wconf 96' lang='lat'><strong>,</strong></span> <span class='ocrx_word' id='word_1_41' title='bbox 1281 543 1417 589; x_wconf 90' lang='lat' dir='ltr'><strong>quum</strong></span> <span class='ocrx_word' id='word_1_42' title='bbox 1438 543 1601 590; x_wconf 82' lang='lat' dir='ltr'><strong>praece-</strong></span> 
     </span>
     <span class='ocr_line' id='line_1_6' title="bbox 165 598 1603 670; baseline -0.004 -16"><span class='ocrx_word' id='word_1_43' title='bbox 165 627 188 648; x_wconf 85' lang='lat'>»</span> <span class='ocrx_word' id='word_1_44' title='bbox 217 604 396 653; x_wconf 85' lang='lat' dir='ltr'><strong>dentem</strong></span> <span class='ocrx_word' id='word_1_45' title='bbox 414 603 616 670; x_wconf 89' lang='lat' dir='ltr'><strong>hyemem</strong></span> <span class='ocrx_word' id='word_1_46' title='bbox 637 620 786 651; x_wconf 90' lang='lat' dir='ltr'><strong>mense</strong></span> <span class='ocrx_word' id='word_1_47' title='bbox 810 598 1033 651; x_wconf 81' lang='lat' dir='ltr'><strong>Decembri</strong></span> <span class='ocrx_word' id='word_1_48' title='bbox 1053 619 1102 648; x_wconf 86' lang='lat' dir='ltr'><strong>ex</strong></span> <span class='ocrx_word' id='word_1_49' title='bbox 1125 599 1254 647; x_wconf 85' lang='lat' dir='ltr'><strong>Italia</strong></span> <span class='ocrx_word' id='word_1_50' title='bbox 1277 600 1529 657; x_wconf 82' lang='lat' dir='ltr'><strong>discedens,</strong></span> <span class='ocrx_word' id='word_1_51' title='bbox 1554 600 1603 648; x_wconf 89' lang='lat' dir='ltr'><strong>in</strong></span> 
     </span>
     <span class='ocr_line' id='line_1_7' title="bbox 166 677 1604 747; baseline -0.001 -19"><span class='ocrx_word' id='word_1_52' title='bbox 166 706 191 728; x_wconf 85' lang='grc'>»</span> <span class='ocrx_word' id='word_1_53' title='bbox 216 683 411 747; x_wconf 73' lang='lat' dir='ltr'><strong>longiori</strong></span> <span class='ocrx_word' id='word_1_54' title='bbox 423 682 580 732; x_wconf 88' lang='lat' dir='ltr'><strong>itinere</strong></span> <span class='ocrx_word' id='word_1_55' title='bbox 601 681 686 730; x_wconf 89' lang='lat' dir='ltr'><strong>sub</strong></span> <span class='ocrx_word' id='word_1_56' title='bbox 705 679 905 730; x_wconf 87' lang='lat' dir='ltr'><strong>custodia</strong></span> <span class='ocrx_word' id='word_1_57' title='bbox 922 679 969 727; x_wconf 90' lang='lat' dir='ltr'><strong>in</strong></span> <span class='ocrx_word' id='word_1_58' title='bbox 984 680 1180 728; x_wconf 80' lang='lat' dir='ltr'><strong>Pontum</strong></span> <span class='ocrx_word' id='word_1_59' title='bbox 1196 677 1479 745; x_wconf 83' lang='lat' dir='ltr'><strong>deportatus,</strong></span> <span class='ocrx_word' id='word_1_60' title='bbox 1502 698 1604 727; x_wconf 91' lang='lat' dir='ltr'><strong>con-</strong></span> 
     </span>
     <span class='ocr_line' id='line_1_8' title="bbox 165 763 486 813; baseline -0.006 0"><span class='ocrx_word' id='word_1_61' title='bbox 165 786 188 807; x_wconf 88' lang='lat'>»</span> <span class='ocrx_word' id='word_1_62' title='bbox 214 763 434 813; x_wconf 78' lang='lat' dir='ltr'><strong>sumserit.</strong></span> <span class='ocrx_word' id='word_1_63' title='bbox 464 785 486 806; x_wconf 68' lang='grc' dir='ltr'><strong>»ι</strong></span> 
     </span>
    </p>

    <p class='ocr_par' dir='ltr' id='par_1_3' title="bbox 162 835 1615 2314">
     <span class='ocr_line' id='line_1_9' title="bbox 228 835 1606 907; baseline -0.002 -18"><span class='ocrx_word' id='word_1_64' title='bbox 228 839 439 890; x_wconf 85' lang='lat' dir='ltr'><strong>Profecto</strong></span> <span class='ocrx_word' id='word_1_65' title='bbox 462 858 599 907; x_wconf 89' lang='lat' dir='ltr'><strong>quum</strong></span> <span class='ocrx_word' id='word_1_66' title='bbox 623 840 788 888; x_wconf 84' lang='lat' dir='ltr'><strong>Noster</strong></span> <span class='ocrx_word' id='word_1_67' title='bbox 818 855 863 885; x_wconf 91' lang='lat' dir='ltr'><strong>se</strong></span> <span class='ocrx_word' id='word_1_68' title='bbox 886 855 939 885; x_wconf 92' lang='lat' dir='ltr'><strong>eo</strong></span> <span class='ocrx_word' id='word_1_69' title='bbox 962 854 1108 885; x_wconf 91' lang='lat' dir='ltr'><strong>mense</strong></span> <span class='ocrx_word' id='word_1_70' title='bbox 1145 835 1371 884; x_wconf 83' lang='lat' dir='ltr'><strong>Decembri</strong></span> <span class='ocrx_word' id='word_1_71' title='bbox 1391 836 1606 901; x_wconf 82' lang='lat' dir='ltr'><strong>jactatum</strong></span> 
     </span>
     <span class='ocr_line' id='line_1_10' title="bbox 162 912 1603 980; baseline -0.003 -13"><span class='ocrx_word' id='word_1_72' title='bbox 162 916 386 968; x_wconf 76' lang='lat' dir='ltr'><strong>Adn‘cztico</strong></span> <span class='ocrx_word' id='word_1_73' title='bbox 403 916 514 966; x_wconf 85' lang='lat' dir='ltr'><strong>mari</strong></span> <span class='ocrx_word' id='word_1_74' title='bbox 532 916 719 974; x_wconf 81' lang='lat' dir='ltr'><strong>scribat3</strong></span> <span class='ocrx_word' id='word_1_75' title='bbox 743 915 852 962; x_wconf 86' lang='lat' dir='ltr'><strong>hinc</strong></span> <span class='ocrx_word' id='word_1_76' title='bbox 873 912 1077 976; x_wconf 80' lang='lat' dir='ltr'><strong>colligere</strong></span> <span class='ocrx_word' id='word_1_77' title='bbox 1096 912 1161 961; x_wconf 86' lang='lat' dir='ltr'><strong>sas</strong></span> <span class='ocrx_word' id='word_1_78' title='bbox 1184 925 1273 967; x_wconf 88' lang='lat' dir='ltr'><strong>est,</strong></span> <span class='ocrx_word' id='word_1_79' title='bbox 1294 931 1390 961; x_wconf 89' lang='lat' dir='ltr'><strong>eum</strong></span> <span class='ocrx_word' id='word_1_80' title='bbox 1409 933 1503 962; x_wconf 87' lang='lat' dir='ltr'><strong>non</strong></span> <span class='ocrx_word' id='word_1_81' title='bbox 1521 933 1603 980; x_wconf 90' lang='lat' dir='ltr'><strong>po-</strong></span> 
     </span>
     <span class='ocr_line' id='line_1_11' title="bbox 164 991 1600 1058; baseline -0.003 -14"><span class='ocrx_word' id='word_1_82' title='bbox 164 996 302 1046; x_wconf 87' lang='lat' dir='ltr'><strong>tuisse</strong></span> <span class='ocrx_word' id='word_1_83' title='bbox 325 996 480 1045; x_wconf 90' lang='lat' dir='ltr'><strong>eodem</strong></span> <span class='ocrx_word' id='word_1_84' title='bbox 501 1014 649 1044; x_wconf 87' lang='lat' dir='ltr'><strong>mense</strong></span> <span class='ocrx_word' id='word_1_85' title='bbox 674 996 818 1043; x_wconf 80' lang='lat' dir='ltr'><strong>Roma</strong></span> <span class='ocrx_word' id='word_1_86' title='bbox 839 992 1062 1041; x_wconf 85' lang='lat' dir='ltr'><strong>discedere</strong></span> <span class='ocrx_word' id='word_1_87' title='bbox 1076 1028 1088 1049; x_wconf 96' lang='lat'><strong>,</strong></span> <span class='ocrx_word' id='word_1_88' title='bbox 1114 991 1402 1040; x_wconf 86' lang='lat' dir='ltr'><strong>Brundisium</strong></span> <span class='ocrx_word' id='word_1_89' title='bbox 1424 1004 1575 1058; x_wconf 89' lang='lat' dir='ltr'><strong>petere</strong></span> <span class='ocrx_word' id='word_1_90' title='bbox 1589 1030 1600 1051; x_wconf 95' lang='lat'><strong>,</strong></span> 
     </span>
     <span class='ocr_line' id='line_1_12' title="bbox 164 1069 1604 1137; baseline -0.003 -13"><span class='ocrx_word' id='word_1_91' title='bbox 164 1086 210 1124; x_wconf 88' lang='lat' dir='ltr'><strong>et</strong></span> <span class='ocrx_word' id='word_1_92' title='bbox 233 1074 337 1124; x_wconf 88' lang='lat' dir='ltr'><strong>inde</strong></span> <span class='ocrx_word' id='word_1_93' title='bbox 362 1073 545 1122; x_wconf 90' lang='lat' dir='ltr'><strong>solvere.</strong></span> <span class='ocrx_word' id='word_1_94' title='bbox 571 1072 696 1137; x_wconf 84' lang='lat' dir='ltr'><strong>Quin</strong></span> <span class='ocrx_word' id='word_1_95' title='bbox 717 1071 846 1119; x_wconf 85' lang='lat' dir='ltr'><strong>etiam</strong></span> <span class='ocrx_word' id='word_1_96' title='bbox 865 1089 1055 1119; x_wconf 83' lang='lat' dir='ltr'><strong>asserere</strong></span> <span class='ocrx_word' id='word_1_97' title='bbox 1074 1069 1177 1118; x_wconf 86' lang='lat' dir='ltr'><strong>licet</strong></span> <span class='ocrx_word' id='word_1_98' title='bbox 1192 1108 1203 1127; x_wconf 93' lang='lat'><strong>,</strong></span> <span class='ocrx_word' id='word_1_99' title='bbox 1228 1089 1328 1118; x_wconf 86' lang='lat' dir='ltr'><strong>eum</strong></span> <span class='ocrx_word' id='word_1_100' title='bbox 1346 1071 1434 1136; x_wconf 86' lang='lat' dir='ltr'><strong>jam</strong></span> <span class='ocrx_word' id='word_1_101' title='bbox 1459 1071 1506 1118; x_wconf 88' lang='lat' dir='ltr'><strong>in</strong></span> <span class='ocrx_word' id='word_1_102' title='bbox 1530 1091 1604 1120; x_wconf 88' lang='lat' dir='ltr'><strong>ex-</strong></span> 
     </span>
     <span class='ocr_line' id='line_1_13' title="bbox 166 1147 1601 1216; baseline -0.003 -14"><span class='ocrx_word' id='word_1_103' title='bbox 166 1152 254 1202; x_wconf 87' lang='lat' dir='ltr'><strong>silii</strong></span> <span class='ocrx_word' id='word_1_104' title='bbox 277 1152 379 1202; x_wconf 91' lang='lat' dir='ltr'><strong>loco</strong></span> <span class='ocrx_word' id='word_1_105' title='bbox 401 1152 538 1200; x_wconf 88' lang='lat' dir='ltr'><strong>fuisse</strong></span> <span class='ocrx_word' id='word_1_106' title='bbox 562 1169 711 1199; x_wconf 88' lang='lat' dir='ltr'><strong>mense</strong></span> <span class='ocrx_word' id='word_1_107' title='bbox 737 1168 958 1198; x_wconf 87' lang='lat' dir='ltr'><strong>summum</strong></span> <span class='ocrx_word' id='word_1_108' title='bbox 980 1147 1189 1196; x_wconf 73' lang='lat' dir='ltr'><strong>Ianuario</strong></span> <span class='ocrx_word' id='word_1_109' title='bbox 1217 1161 1400 1197; x_wconf 86' lang='lat' dir='ltr'><strong>exeunte</strong></span> <span class='ocrx_word' id='word_1_110' title='bbox 1419 1187 1430 1206; x_wconf 94' lang='lat'><strong>,</strong></span> <span class='ocrx_word' id='word_1_111' title='bbox 1467 1161 1601 1216; x_wconf 82' lang='lat' dir='ltr'><strong>atque</strong></span> 
     </span>
     <span class='ocr_line' id='line_1_14' title="bbox 163 1225 1606 1296; baseline -0.002 -18"><span class='ocrx_word' id='word_1_112' title='bbox 163 1230 276 1279; x_wconf 83' lang='lat' dir='ltr'><strong>adeo</strong></span> <span class='ocrx_word' id='word_1_113' title='bbox 292 1228 483 1296; x_wconf 84' lang='lat' dir='ltr'><strong>aliquam</strong></span> <span class='ocrx_word' id='word_1_114' title='bbox 497 1227 650 1295; x_wconf 81' lang='lat' dir='ltr'><strong>primae</strong></span> <span class='ocrx_word' id='word_1_115' title='bbox 666 1226 838 1293; x_wconf 90' lang='lat' dir='ltr'><strong>hyemis</strong></span> <span class='ocrx_word' id='word_1_116' title='bbox 855 1237 1024 1292; x_wconf 87' lang='lat' dir='ltr'><strong>partem</strong></span> <span class='ocrx_word' id='word_1_117' title='bbox 1041 1225 1087 1272; x_wconf 89' lang='lat' dir='ltr'><strong>in</strong></span> <span class='ocrx_word' id='word_1_118' title='bbox 1110 1226 1255 1273; x_wconf 91' lang='lat' dir='ltr'><strong>Ponto</strong></span> <span class='ocrx_word' id='word_1_119' title='bbox 1277 1226 1486 1289; x_wconf 81' lang='lat' dir='ltr'><strong>exegisse,</strong></span> <span class='ocrx_word' id='word_1_120' title='bbox 1508 1246 1606 1294; x_wconf 83' lang='lat' dir='ltr'><strong>quae</strong></span> 
     </span>
     <span class='ocr_line' id='line_1_15' title="bbox 164 1302 1605 1371; baseline -0.001 -16"><span class='ocrx_word' id='word_1_121' title='bbox 164 1307 212 1355; x_wconf 90' lang='lat' dir='ltr'><strong>in</strong></span> <span class='ocrx_word' id='word_1_122' title='bbox 234 1325 469 1355; x_wconf 85' lang='lat' dir='ltr'><strong>numerum</strong></span> <span class='ocrx_word' id='word_1_123' title='bbox 495 1303 660 1354; x_wconf 85' lang='lat' dir='ltr'><strong>ovidio</strong></span> <span class='ocrx_word' id='word_1_124' title='bbox 694 1303 843 1351; x_wconf 88' lang='lat' dir='ltr'><strong>venire</strong></span> <span class='ocrx_word' id='word_1_125' title='bbox 870 1302 1037 1351; x_wconf 82' lang='lat' dir='ltr'><strong>debuit.</strong></span> <span class='ocrx_word' id='word_1_126' title='bbox 1074 1302 1292 1351; x_wconf 81' lang='lat' dir='ltr'><strong>Praeterea</strong></span> <span class='ocrx_word' id='word_1_127' title='bbox 1315 1322 1438 1353; x_wconf 88' lang='lat' dir='ltr'><strong>mens</strong></span> <span class='ocrx_word' id='word_1_128' title='bbox 1462 1316 1605 1371; x_wconf 86' lang='lat' dir='ltr'><strong>poetae</strong></span> 
     </span>
     <span class='ocr_line' id='line_1_16' title="bbox 163 1381 1603 1449; baseline -0.003 -13"><span class='ocrx_word' id='word_1_129' title='bbox 163 1385 254 1436; x_wconf 87' lang='lat' dir='ltr'><strong>illis</strong></span> <span class='ocrx_word' id='word_1_130' title='bbox 271 1385 420 1434; x_wconf 87' lang='lat' dir='ltr'><strong>verbis</strong></span> <span class='ocrx_word' id='word_1_131' title='bbox 444 1385 530 1433; x_wconf 89' lang='lat' dir='ltr'><strong>fuit</strong></span> <span class='ocrx_word' id='word_1_132' title='bbox 551 1403 600 1432; x_wconf 87' lang='lat' dir='ltr'><strong>ac</strong></span> <span class='ocrx_word' id='word_1_133' title='bbox 626 1382 860 1432; x_wconf 89' lang='lat' dir='ltr'><strong>consilium</strong></span> <span class='ocrx_word' id='word_1_134' title='bbox 883 1381 1150 1441; x_wconf 83' lang='lat' dir='ltr'><strong>ostendere,¹</strong></span> <span class='ocrx_word' id='word_1_135' title='bbox 1169 1382 1381 1449; x_wconf 87' lang='lat' dir='ltr'><strong>quamdiu</strong></span> <span class='ocrx_word' id='word_1_136' title='bbox 1406 1395 1499 1431; x_wconf 90' lang='lat' dir='ltr'><strong>tum</strong></span> <span class='ocrx_word' id='word_1_137' title='bbox 1528 1404 1603 1432; x_wconf 87' lang='lat' dir='ltr'><strong>ex-</strong></span> 
     </span>
     <span class='ocr_line' id='line_1_17' title="bbox 166 1460 1606 1530; baseline -0.002 -16"><span class='ocrx_word' id='word_1_138' title='bbox 166 1463 364 1514; x_wconf 85' lang='lat' dir='ltr'><strong>sulasset.</strong></span> <span class='ocrx_word' id='word_1_139' title='bbox 385 1462 526 1530; x_wconf 86' lang='lat' dir='ltr'><strong>Atqui</strong></span> <span class='ocrx_word' id='word_1_140' title='bbox 546 1481 702 1529; x_wconf 90' lang='lat' dir='ltr'><strong>parum</strong></span> <span class='ocrx_word' id='word_1_141' title='bbox 718 1473 821 1529; x_wconf 86' lang='lat' dir='ltr'><strong>apte</strong></span> <span class='ocrx_word' id='word_1_142' title='bbox 839 1460 882 1508; x_wconf 90' lang='lat' dir='ltr'><strong>id</strong></span> <span class='ocrx_word' id='word_1_143' title='bbox 898 1460 1170 1523; x_wconf 85' lang='lat' dir='ltr'><strong>designaret,</strong></span> <span class='ocrx_word' id='word_1_144' title='bbox 1191 1461 1229 1509; x_wconf 91' lang='lat' dir='ltr'><strong>si</strong></span> <span class='ocrx_word' id='word_1_145' title='bbox 1248 1461 1426 1528; x_wconf 89' lang='lat' dir='ltr'><strong>quidem</strong></span> <span class='ocrx_word' id='word_1_146' title='bbox 1447 1474 1606 1529; x_wconf 86' lang='lat' dir='ltr'><strong>praeter</strong></span> 
     </span>
     <span class='ocr_line' id='line_1_18' title="bbox 163 1539 1604 1609; baseline -0.001 -18"><span class='ocrx_word' id='word_1_147' title='bbox 163 1562 240 1592; x_wconf 74' lang='lat' dir='ltr'><strong>sex</strong></span> <span class='ocrx_word' id='word_1_148' title='bbox 262 1540 362 1590; x_wconf 83' lang='lat' dir='ltr'><strong>illas</strong></span> <span class='ocrx_word' id='word_1_149' title='bbox 381 1541 582 1609; x_wconf 85' lang='lat' dir='ltr'><strong>hyemes,</strong></span> <span class='ocrx_word' id='word_1_150' title='bbox 608 1539 664 1589; x_wconf 89' lang='lat' dir='ltr'><strong>ab</strong></span> <span class='ocrx_word' id='word_1_151' title='bbox 682 1559 752 1589; x_wconf 86' lang='lat' dir='ltr'><strong>an.</strong></span> <span class='ocrx_word' id='word_1_152' title='bbox 775 1541 832 1587; x_wconf 93' lang='lat' dir='ltr'><strong>U.</strong></span> <span class='ocrx_word' id='word_1_153' title='bbox 859 1539 910 1587; x_wconf 87' lang='lat' dir='ltr'><strong>C.</strong></span> <span class='ocrx_word' id='word_1_154' title='bbox 934 1551 1126 1588; x_wconf 78' lang='lat' dir='ltr'>DCCLXH</span> <span class='ocrx_word' id='word_1_155' title='bbox 1153 1540 1458 1606; x_wconf 82' lang='lat' dir='ltr'><strong>praecipitante</strong></span> <span class='ocrx_word' id='word_1_156' title='bbox 1478 1540 1604 1606; x_wconf 77' lang='lat' dir='ltr'><strong>juxta</strong></span> 
     </span>
     <span class='ocr_line' id='line_1_19' title="bbox 164 1617 1606 1688; baseline -0.003 -15"><span class='ocrx_word' id='word_1_157' title='bbox 164 1622 392 1673; x_wconf 84' lang='lat' dir='ltr'><strong>Norisium</strong></span> <span class='ocrx_word' id='word_1_158' title='bbox 428 1632 719 1688; x_wconf 82' lang='lat' dir='ltr'><strong>supputatas,</strong></span> <span class='ocrx_word' id='word_1_159' title='bbox 753 1618 1038 1681; x_wconf 82' lang='lat' dir='ltr'><strong>transegisset</strong></span> <span class='ocrx_word' id='word_1_160' title='bbox 1072 1617 1219 1665; x_wconf 87' lang='lat' dir='ltr'><strong>adhuc</strong></span> <span class='ocrx_word' id='word_1_161' title='bbox 1250 1617 1295 1665; x_wconf 87' lang='lat' dir='ltr'><strong>in</strong></span> <span class='ocrx_word' id='word_1_162' title='bbox 1334 1617 1476 1667; x_wconf 87' lang='lat' dir='ltr'><strong>exsilii</strong></span> <span class='ocrx_word' id='word_1_163' title='bbox 1504 1618 1606 1668; x_wconf 85' lang='lat' dir='ltr'><strong>loco</strong></span> 
     </span>
     <span class='ocr_line' id='line_1_20' title="bbox 165 1698 1608 1769; baseline -0.003 -17"><span class='ocrx_word' id='word_1_164' title='bbox 165 1701 361 1769; x_wconf 88' lang='lat' dir='ltr'><strong>ejusdem</strong></span> <span class='ocrx_word' id='word_1_165' title='bbox 383 1702 489 1751; x_wconf 87' lang='lat' dir='ltr'><strong>anni</strong></span> <span class='ocrx_word' id='word_1_166' title='bbox 512 1712 774 1749; x_wconf 86' lang='lat' dir='ltr'><strong>autumnum</strong></span> <span class='ocrx_word' id='word_1_167' title='bbox 788 1736 800 1756; x_wconf 94' lang='lat'><strong>,</strong></span> <span class='ocrx_word' id='word_1_168' title='bbox 820 1710 1013 1747; x_wconf 83' lang='lat' dir='ltr'><strong>aestatem</strong></span> <span class='ocrx_word' id='word_1_169' title='bbox 1029 1735 1041 1755; x_wconf 93' lang='lat'><strong>,</strong></span> <span class='ocrx_word' id='word_1_170' title='bbox 1068 1717 1116 1746; x_wconf 87' lang='lat' dir='ltr'><strong>ac</strong></span> <span class='ocrx_word' id='word_1_171' title='bbox 1138 1717 1211 1746; x_wconf 88' lang='lat' dir='ltr'><strong>ver</strong></span> <span class='ocrx_word' id='word_1_172' title='bbox 1225 1735 1237 1754; x_wconf 93' lang='lat'><strong>,</strong></span> <span class='ocrx_word' id='word_1_173' title='bbox 1258 1698 1393 1746; x_wconf 91' lang='lat' dir='ltr'><strong>immo</strong></span> <span class='ocrx_word' id='word_1_174' title='bbox 1413 1698 1448 1746; x_wconf 90' lang='lat' dir='ltr'><strong>si</strong></span> <span class='ocrx_word' id='word_1_175' title='bbox 1469 1718 1608 1748; x_wconf 89' lang='lat' dir='ltr'><strong>unum</strong></span> 
     </span>
     <span class='ocr_line' id='line_1_21' title="bbox 165 1775 1607 1847; baseline -0.003 -18"><span class='ocrx_word' id='word_1_176' title='bbox 165 1779 356 1847; x_wconf 89' lang='lat' dir='ltr'><strong>amplius</strong></span> <span class='ocrx_word' id='word_1_177' title='bbox 375 1797 540 1828; x_wconf 89' lang='lat' dir='ltr'><strong>annum</strong></span> <span class='ocrx_word' id='word_1_178' title='bbox 564 1778 787 1842; x_wconf 85' lang='lat' dir='ltr'><strong>integrum</strong></span> <span class='ocrx_word' id='word_1_179' title='bbox 803 1813 815 1833; x_wconf 95' lang='lat'><strong>,</strong></span> <span class='ocrx_word' id='word_1_180' title='bbox 839 1775 895 1824; x_wconf 86' lang='lat' dir='ltr'><strong>ab</strong></span> <span class='ocrx_word' id='word_1_181' title='bbox 916 1795 984 1824; x_wconf 91' lang='lat' dir='ltr'><strong>an.</strong></span> <span class='ocrx_word' id='word_1_182' title='bbox 1007 1787 1179 1824; x_wconf 82' lang='lat' dir='ltr'>DCCLXI</span> <span class='ocrx_word' id='word_1_183' title='bbox 1204 1775 1463 1834; x_wconf 86' lang='lat' dir='ltr'><strong>Decembri,</strong></span> <span class='ocrx_word' id='word_1_184' title='bbox 1483 1776 1607 1826; x_wconf 87' lang='lat' dir='ltr'><strong>exsul</strong></span> 
     </span>
     <span class='ocr_line' id='line_1_22' title="bbox 165 1852 1607 1924; baseline -0.002 -18"><span class='ocrx_word' id='word_1_185' title='bbox 165 1858 333 1907; x_wconf 81' lang='lat' dir='ltr'><strong>fuisset.</strong></span> <span class='ocrx_word' id='word_1_186' title='bbox 361 1859 516 1924; x_wconf 90' lang='lat' dir='ltr'><strong>Itaque</strong></span> <span class='ocrx_word' id='word_1_187' title='bbox 541 1854 684 1904; x_wconf 90' lang='lat' dir='ltr'><strong>multo</strong></span> <span class='ocrx_word' id='word_1_188' title='bbox 709 1853 960 1922; x_wconf 83' lang='lat' dir='ltr'><strong>expeditius</strong></span> <span class='ocrx_word' id='word_1_189' title='bbox 976 1891 988 1911; x_wconf 93' lang='lat'><strong>,</strong></span> <span class='ocrx_word' id='word_1_190' title='bbox 1013 1872 1061 1902; x_wconf 85' lang='lat' dir='ltr'><strong>ac</strong></span> <span class='ocrx_word' id='word_1_191' title='bbox 1087 1853 1191 1901; x_wconf 89' lang='lat' dir='ltr'><strong>huic</strong></span> <span class='ocrx_word' id='word_1_192' title='bbox 1216 1852 1315 1901; x_wconf 92' lang='lat' dir='ltr'><strong>loco</strong></span> <span class='ocrx_word' id='word_1_193' title='bbox 1340 1854 1607 1903; x_wconf 87' lang='lat' dir='ltr'><strong>convenien-</strong></span> 
     </span>
     <span class='ocr_line' id='line_1_23' title="bbox 167 1931 1610 1999; baseline -0.002 -15"><span class='ocrx_word' id='word_1_194' title='bbox 167 1936 259 1985; x_wconf 87' lang='lat' dir='ltr'><strong>tius</strong></span> <span class='ocrx_word' id='word_1_195' title='bbox 280 1947 347 1984; x_wconf 86' lang='lat' dir='ltr'><strong>est</strong></span> <span class='ocrx_word' id='word_1_196' title='bbox 364 1935 529 1994; x_wconf 85' lang='lat' dir='ltr'><strong>dicere,</strong></span> <span class='ocrx_word' id='word_1_197' title='bbox 546 1936 771 1983; x_wconf 87' lang='lat' dir='ltr'><strong>Nasonem</strong></span> <span class='ocrx_word' id='word_1_198' title='bbox 789 1932 953 1981; x_wconf 88' lang='lat' dir='ltr'><strong>ibidem</strong></span> <span class='ocrx_word' id='word_1_199' title='bbox 974 1932 1241 1995; x_wconf 81' lang='lat' dir='ltr'><strong>significare,</strong></span> <span class='ocrx_word' id='word_1_200' title='bbox 1257 1931 1460 1999; x_wconf 89' lang='lat' dir='ltr'><strong>hyemem</strong></span> <span class='ocrx_word' id='word_1_201' title='bbox 1473 1970 1484 1989; x_wconf 96' lang='lat'><strong>,</strong></span> <span class='ocrx_word' id='word_1_202' title='bbox 1504 1944 1610 1999; x_wconf 91' lang='lat' dir='ltr'><strong>post</strong></span> 
     </span>
     <span class='ocr_line' id='line_1_24' title="bbox 169 2009 1613 2080; baseline -0.003 -18"><span class='ocrx_word' id='word_1_203' title='bbox 169 2014 365 2077; x_wconf 86' lang='lat' dir='ltr'><strong>Augusti</strong></span> <span class='ocrx_word' id='word_1_204' title='bbox 388 2014 615 2064; x_wconf 87' lang='lat' dir='ltr'><strong>decessum</strong></span> <span class='ocrx_word' id='word_1_205' title='bbox 637 2013 838 2080; x_wconf 86' lang='lat' dir='ltr'><strong>proxime</strong></span> <span class='ocrx_word' id='word_1_206' title='bbox 870 2011 1176 2060; x_wconf 87' lang='lat' dir='ltr'><strong>succedentem</strong></span> <span class='ocrx_word' id='word_1_207' title='bbox 1192 2049 1203 2069; x_wconf 92' lang='lat'><strong>,</strong></span> <span class='ocrx_word' id='word_1_208' title='bbox 1232 2029 1326 2059; x_wconf 87' lang='lat' dir='ltr'><strong>esse</strong></span> <span class='ocrx_word' id='word_1_209' title='bbox 1352 2009 1494 2059; x_wconf 88' lang='lat' dir='ltr'><strong>exsilii</strong></span> <span class='ocrx_word' id='word_1_210' title='bbox 1514 2029 1613 2058; x_wconf 74' lang='lat' dir='ltr'><strong>sex-</strong></span> 
     </span>
     <span class='ocr_line' id='line_1_25' title="bbox 169 2089 1612 2160; baseline -0.004 -18"><span class='ocrx_word' id='word_1_211' title='bbox 169 2104 276 2150; x_wconf 84' lang='lat' dir='ltr'><strong>tam,</strong></span> <span class='ocrx_word' id='word_1_212' title='bbox 304 2093 361 2141; x_wconf 86' lang='lat' dir='ltr'><strong>ab</strong></span> <span class='ocrx_word' id='word_1_213' title='bbox 381 2112 433 2142; x_wconf 94' lang='lat' dir='ltr'><strong>eo</strong></span> <span class='ocrx_word' id='word_1_214' title='bbox 448 2105 648 2160; x_wconf 89' lang='lat' dir='ltr'><strong>tempore</strong></span> <span class='ocrx_word' id='word_1_215' title='bbox 665 2130 676 2150; x_wconf 94' lang='lat'><strong>,</strong></span> <span class='ocrx_word' id='word_1_216' title='bbox 704 2111 795 2160; x_wconf 92' lang='lat' dir='ltr'><strong>quo</strong></span> <span class='ocrx_word' id='word_1_217' title='bbox 811 2110 862 2140; x_wconf 85' lang='lat' dir='ltr'><strong>ex</strong></span> <span class='ocrx_word' id='word_1_218' title='bbox 880 2089 990 2139; x_wconf 89' lang='lat' dir='ltr'><strong>urbe</strong></span> <span class='ocrx_word' id='word_1_219' title='bbox 1008 2092 1154 2139; x_wconf 86' lang='lat' dir='ltr'><strong>Roma</strong></span> <span class='ocrx_word' id='word_1_220' title='bbox 1175 2089 1435 2138; x_wconf 89' lang='lat' dir='ltr'><strong>discesserat</strong></span> <span class='ocrx_word' id='word_1_221' title='bbox 1451 2100 1586 2155; x_wconf 87' lang='lat' dir='ltr'><strong>poeta</strong></span> <span class='ocrx_word' id='word_1_222' title='bbox 1600 2126 1612 2146; x_wconf 93' lang='lat'>‚</span> 
     </span>
     <span class='ocr_line' id='line_1_26' title="bbox 170 2169 1615 2238; baseline -0.004 -18"><span class='ocrx_word' id='word_1_223' title='bbox 170 2182 459 2229; x_wconf 78' lang='lat' dir='ltr'><strong>numeratam3</strong></span> <span class='ocrx_word' id='word_1_224' title='bbox 474 2184 608 2238; x_wconf 89' lang='lat' dir='ltr'><strong>atque</strong></span> <span class='ocrx_word' id='word_1_225' title='bbox 619 2170 784 2219; x_wconf 90' lang='lat' dir='ltr'><strong>idcirco</strong></span> <span class='ocrx_word' id='word_1_226' title='bbox 797 2171 1014 2218; x_wconf 87' lang='lat' dir='ltr'><strong>Nostrum</strong></span> <span class='ocrx_word' id='word_1_227' title='bbox 1030 2187 1176 2217; x_wconf 88' lang='lat' dir='ltr'><strong>revera</strong></span> <span class='ocrx_word' id='word_1_228' title='bbox 1190 2187 1260 2216; x_wconf 87' lang='lat' dir='ltr'><strong>an.</strong></span> <span class='ocrx_word' id='word_1_229' title='bbox 1277 2169 1332 2216; x_wconf 89' lang='lat' dir='ltr'><strong>U.</strong></span> <span class='ocrx_word' id='word_1_230' title='bbox 1353 2169 1402 2216; x_wconf 92' lang='lat' dir='ltr'><strong>C.</strong></span> <span class='ocrx_word' id='word_1_231' title='bbox 1418 2178 1615 2215; x_wconf 79' lang='lat' dir='ltr'>DCCLXII</span> 
     </span>
     <span class='ocr_line' id='line_1_27' title="bbox 171 2246 1615 2314; baseline -0.005 -14"><span class='ocrx_word' id='word_1_232' title='bbox 171 2251 399 2301; x_wconf 88' lang='lat' dir='ltr'><strong>desinente</strong></span> <span class='ocrx_word' id='word_1_233' title='bbox 422 2251 470 2299; x_wconf 90' lang='lat' dir='ltr'><strong>in</strong></span> <span class='ocrx_word' id='word_1_234' title='bbox 492 2249 692 2298; x_wconf 86' lang='lat' dir='ltr'><strong>exsilium</strong></span> <span class='ocrx_word' id='word_1_235' title='bbox 716 2248 901 2306; x_wconf 87' lang='lat' dir='ltr'><strong>abiisse;</strong></span> <span class='ocrx_word' id='word_1_236' title='bbox 929 2246 1292 2314; x_wconf 87' lang='lat' dir='ltr'><strong>quandoquidem</strong></span> <span class='ocrx_word' id='word_1_237' title='bbox 1321 2256 1440 2295; x_wconf 80' lang='lat' dir='ltr'><strong>sexta</strong></span> <span class='ocrx_word' id='word_1_238' title='bbox 1461 2246 1615 2312; x_wconf 91' lang='lat' dir='ltr'><strong>hyems</strong></span> 
     </span>
    </p>
   </div>
   <div class='ocr_carea' id='block_1_3' title="bbox 90 2323 1615 2393">
    <p class='ocr_par' dir='ltr' id='par_1_4' title="bbox 90 2323 1615 2393">
     <span class='ocr_line' id='line_1_28' title="bbox 90 2323 1615 2393; baseline -0.005 -13"><span class='ocrx_word' id='word_1_239' title='bbox 90 2387 93 2389; x_wconf 45' lang='grc'><strong>,</strong></span> <span class='ocrx_word' id='word_1_240' title='bbox 171 2331 228 2381; x_wconf 88' lang='lat' dir='ltr'><strong>ab</strong></span> <span class='ocrx_word' id='word_1_241' title='bbox 251 2350 369 2379; x_wconf 87' lang='lat' dir='ltr'><strong>anno</strong></span> <span class='ocrx_word' id='word_1_242' title='bbox 389 2332 446 2378; x_wconf 85' lang='lat' dir='ltr'><strong>U.</strong></span> <span class='ocrx_word' id='word_1_243' title='bbox 468 2330 518 2378; x_wconf 88' lang='lat' dir='ltr'><strong>C.</strong></span> <span class='ocrx_word' id='word_1_244' title='bbox 548 2340 777 2377; x_wconf 80' lang='lat' dir='ltr'>DCCLXVII</span> <span class='ocrx_word' id='word_1_245' title='bbox 808 2338 991 2375; x_wconf 87' lang='lat' dir='ltr'><strong>exeunte</strong></span> <span class='ocrx_word' id='word_1_246' title='bbox 1014 2337 1134 2375; x_wconf 87' lang='lat' dir='ltr'><strong>retro</strong></span> <span class='ocrx_word' id='word_1_247' title='bbox 1160 2337 1400 2393; x_wconf 85' lang='lat' dir='ltr'><strong>supputata</strong></span> <span class='ocrx_word' id='word_1_248' title='bbox 1421 2344 1521 2373; x_wconf 90' lang='lat' dir='ltr'><strong>cum</strong></span> <span class='ocrx_word' id='word_1_249' title='bbox 1542 2323 1615 2372; x_wconf 89' lang='lat' dir='ltr'><strong>illa</strong></span> 
     </span>
    </p>
   </div>
   <div class='ocr_carea' id='block_1_4' title="bbox 172 2405 1629 2708">
    <p class='ocr_par' dir='ltr' id='par_1_5' title="bbox 172 2405 740 2458">
     <span class='ocr_line' id='line_1_29' title="bbox 172 2405 740 2458; baseline -0.007 -1"><span class='ocrx_word' id='word_1_250' title='bbox 172 2409 278 2458; x_wconf 85' lang='lat' dir='ltr'><strong>anni</strong></span> <span class='ocrx_word' id='word_1_251' title='bbox 299 2420 491 2458; x_wconf 84' lang='lat' dir='ltr'>DCCLXII</span> <span class='ocrx_word' id='word_1_252' title='bbox 515 2405 740 2455; x_wconf 89' lang='lat' dir='ltr'><strong>coincidit.</strong></span> 
     </span>
    </p>

    <p class='ocr_par' dir='ltr' id='par_1_6' title="bbox 174 2480 1629 2708">
     <span class='ocr_line' id='line_1_30' title="bbox 242 2480 1623 2553; baseline -0.004 -19"><span class='ocrx_word' id='word_1_253' title='bbox 242 2486 286 2536; x_wconf 83' lang='lat'><strong>3.</strong></span> <span class='ocrx_word' id='word_1_254' title='bbox 312 2487 437 2536; x_wconf 91' lang='lat' dir='ltr'><strong>Idem</strong></span> <span class='ocrx_word' id='word_1_255' title='bbox 459 2498 584 2553; x_wconf 88' lang='lat' dir='ltr'><strong>patet</strong></span> <span class='ocrx_word' id='word_1_256' title='bbox 606 2505 658 2534; x_wconf 92' lang='lat' dir='ltr'><strong>ex</strong></span> <span class='ocrx_word' id='word_1_257' title='bbox 692 2483 863 2534; x_wconf 84' lang='lat' dir='ltr'><strong>Tiberii</strong></span> <span class='ocrx_word' id='word_1_258' title='bbox 896 2484 1126 2551; x_wconf 89' lang='lat' dir='ltr'><strong>triumpho</strong></span> <span class='ocrx_word' id='word_1_259' title='bbox 1165 2482 1217 2529; x_wconf 89' lang='lat' dir='ltr'><strong>dc</strong></span> <span class='ocrx_word' id='word_1_260' title='bbox 1244 2481 1491 2530; x_wconf 86' lang='lat' dir='ltr'><strong>Pannoniis</strong></span> <span class='ocrx_word' id='word_1_261' title='bbox 1516 2480 1623 2529; x_wconf 85' lang='lat' dir='ltr'><strong>Dal-</strong></span> 
     </span>
     <span class='ocr_line' id='line_1_31' title="bbox 174 2559 1628 2634; baseline -0.006 -17"><span class='ocrx_word' id='word_1_262' title='bbox 174 2568 395 2634; x_wconf 84' lang='lat' dir='ltr'><strong>matisque</strong></span> <span class='ocrx_word' id='word_1_263' title='bbox 411 2604 422 2624; x_wconf 93' lang='lat'><strong>,</strong></span> <span class='ocrx_word' id='word_1_264' title='bbox 449 2585 566 2616; x_wconf 87' lang='lat' dir='ltr'><strong>anno</strong></span> <span class='ocrx_word' id='word_1_265' title='bbox 585 2567 641 2613; x_wconf 92' lang='lat' dir='ltr'><strong>U.</strong></span> <span class='ocrx_word' id='word_1_266' title='bbox 669 2565 719 2614; x_wconf 87' lang='lat' dir='ltr'><strong>C.</strong></span> <span class='ocrx_word' id='word_1_267' title='bbox 747 2577 935 2613; x_wconf 83' lang='lat' dir='ltr'>DCCva</span> <span class='ocrx_word' id='word_1_268' title='bbox 954 2564 1234 2630; x_wconf 88' lang='lat' dir='ltr'><strong>exspirante,</strong></span> <span class='ocrx_word' id='word_1_269' title='bbox 1259 2573 1310 2610; x_wconf 89' lang='lat' dir='ltr'><strong>ut</strong></span> <span class='ocrx_word' id='word_1_270' title='bbox 1333 2561 1512 2628; x_wconf 87' lang='lat' dir='ltr'><strong>ipsimet</strong></span> <span class='ocrx_word' id='word_1_271' title='bbox 1531 2559 1628 2609; x_wconf 84' lang='lat' dir='ltr'><strong>Cal-</strong></span> 
     </span>
     <span class='ocr_line' id='line_1_32' title="bbox 174 2642 1629 2708; baseline -0.005 -14"><span class='ocrx_word' id='word_1_272' title='bbox 174 2646 314 2695; x_wconf 88' lang='lat' dir='ltr'><strong>visius</strong></span> <span class='ocrx_word' id='word_1_273' title='bbox 328 2664 378 2694; x_wconf 82' lang='lat' dir='ltr'><strong>ac</strong></span> <span class='ocrx_word' id='word_1_274' title='bbox 393 2644 598 2694; x_wconf 82' lang='lat' dir='ltr'><strong>Norisius</strong></span> <span class='ocrx_word' id='word_1_275' title='bbox 612 2651 622 2670; x_wconf 93' lang='lat'><strong>¹</strong></span> <span class='ocrx_word' id='word_1_276' title='bbox 641 2643 895 2692; x_wconf 91' lang='lat' dir='ltr'><strong>concedunt</strong></span> <span class='ocrx_word' id='word_1_277' title='bbox 913 2681 925 2701; x_wconf 97' lang='lat'><strong>,</strong></span> <span class='ocrx_word' id='word_1_278' title='bbox 946 2642 1080 2690; x_wconf 86' lang='lat' dir='ltr'><strong>ducto</strong></span> <span class='ocrx_word' id='word_1_279' title='bbox 1097 2678 1108 2699; x_wconf 90' lang='lat'><strong>‚</strong></span> <span class='ocrx_word' id='word_1_280' title='bbox 1129 2651 1173 2689; x_wconf 85' lang='lat' dir='ltr'><strong>et</strong></span> <span class='ocrx_word' id='word_1_281' title='bbox 1194 2651 1339 2708; x_wconf 85' lang='lat' dir='ltr'><strong>poetae</strong></span> <span class='ocrx_word' id='word_1_282' title='bbox 1356 2649 1603 2689; x_wconf 86' lang='lat' dir='ltr'><strong>memorato</strong></span> <span class='ocrx_word' id='word_1_283' title='bbox 1617 2676 1629 2698; x_wconf 89' lang='lat'><strong>,</strong></span> 
     </span>
    </p>
   </div>
   <div class='ocr_carea' id='block_1_5' title="bbox 221 2742 735 2790">
    <p class='ocr_par' dir='ltr' id='par_1_7' title="bbox 221 2742 735 2790">
     <span class='ocr_line' id='line_1_33' title="bbox 221 2742 735 2790; baseline -0.01 -10"><span class='ocrx_word' id='word_1_284' title='bbox 221 2747 232 2766; x_wconf 89' lang='lat'>¹</span> <span class='ocrx_word' id='word_1_285' title='bbox 258 2743 315 2780; x_wconf 90' lang='lat' dir='ltr'><strong>De</strong></span> <span class='ocrx_word' id='word_1_286' title='bbox 333 2742 462 2780; x_wconf 86' lang='lat' dir='ltr'><strong>Cenot.</strong></span> <span class='ocrx_word' id='word_1_287' title='bbox 479 2743 548 2779; x_wconf 83' lang='lat' dir='ltr'><strong>Pis.</strong></span> <span class='ocrx_word' id='word_1_288' title='bbox 563 2756 639 2790; x_wconf 83' lang='lat' dir='ltr'><strong>pag.</strong></span> <span class='ocrx_word' id='word_1_289' title='bbox 659 2742 735 2777; x_wconf 83' lang='lat'><strong>323.</strong></span> 
     </span>
    </p>
   </div>
  </div>
 </body>
</html>
