1794 3100
551 260 620 306 m
652 260 890 304 ovim-1
924 258 1083 303 IBIN.
1451 257 1529 319 -67

112 361 238 427 Noefo
254 358 352 423 jure
373 355 419 405 in
442 355 590 422 ipsum
610 355 836 410 invectus,
856 351 1171 402 Callimachum
1190 350 1352 400 imitari
1367 351 1536 411 voluit3

114 435 281 488 unitim
293 446 353 485 ut,
367 432 442 483 ille
459 430 757 498 Apollonium
768 469 780 489 ,
805 431 924 497 quod
944 430 1267 479 Alexandrinus
1279 441 1393 478 esset
1404 467 1416 487 ,
1435 430 1542 479 Ibin

114 511 376 580 adpblhvit,
399 511 497 578 ipse
517 509 681 579 pariter
698 509 948 575 Hyginum,
970 508 1045 575 qui
1066 527 1089 556 a
1107 507 1333 557 nonnullis
1346 507 1541 557 Alexan-

117 589 274 642 (trinus
289 587 474 640 habitus
485 599 575 645 est,
598 585 701 635 Ibin
718 585 941 634 vocitaret.
961 584 1291 633 Advertendum
1310 595 1517 650 praeterea
1529 621 1541 641 ,

120 653 245 733 qiio'd
255 664 375 717 lhidi
393 682 493 713 eum
511 665 688 711 Nasone
707 662 778 727 jus
797 673 964 711 arctum
981 660 1319 711 necessitudinis
1334 660 1542 709 interces-

119 751 335 803 unstrut
355 761 414 792 ex
429 742 504 794 his
524 740 697 807 liquido
719 747 841 807 patet
861 759 870 788 :

342 831 476 873 Desine
458 841 493 871 ”t
507 847 580 870 esse
597 834 693 880 prius
706 832 902 870 contrarius
919 832 1066 879 ignibus
1075 832 1226 875 humor,

403 892 604 946 Junctaque
620 903 702 926 eum
718 891 818 925 Luna
835 889 969 926 lumina
986 888 1073 925 Solis
1088 895 1204 924 erunt.

122 929 293 1018 Deinde
312 979 422 1034 post
443 970 614 1016 demvm
634 965 798 1024 multa,

349 1063 471 1109 Quam
487 1062 574 1098 mihi
591 1061 644 1097 sit
650 1069 790 1107 tecum,
807 1060 926 1106 positis
942 1073 1019 1105 quae
1034 1060 1246 1106 sumpsimus
1261 1060 1366 1096 armis
1379 1086 1396 1104 „

391 1116 536 1160 Gratia,
553 1116 743 1152 commissis
760 1115 918 1161 improbe
935 1122 1037 1161 rupta
1055 1115 1133 1150 tuis·

129 1194 230 1242 Hoc
252 1203 320 1241 est
350 1189 482 1258 plane
511 1190 633 1256 quod
656 1190 710 1238 de
732 1190 915 1256 Hygino
942 1189 1181 1238 Suetonius
1218 1199 1426 1245 testatum
1454 1186 1560 1236 reli-

129 1268 243 1336 quit.
264 1268 499 1322 Postremo
495 1285 644 1345 quum
657 1265 730 1314 ille
745 1266 969 1332 Hyginum
984 1265 1222 1314 admodum
1235 1283 1473 1332 pauperem
1494 1264 1562 1312 de-

131 1345 314 1422 cessisse
338 1343 503 1402 tradit,
533 1355 785 1417 conjectura
808 1361 902 1390 mea
929 1343 1088 1390 mirum
1115 1343 1160 1390 in
1185 1341 1366 1392 modum
1400 1340 1559 1389 confir-

131 1413 299 1480 niatur3
321 1415 464 1472 Ibidis
488 1421 602 1469 enim
625 1431 929 1488 paupertatem
958 1418 1182 1468 Ovidius
1171 1438 1266 1485 lpse
1287 1418 1459 1477 innuit,
1483 1418 1564 1467 hac

133 1497 474 1569 imprecatione,
502 1519 634 1568 quam
658 1499 883 1548 Domitius
907 1518 996 1575 non
1021 1498 1246 1565 percepit:

301 1591 303 1594 ¹
339 1590 463 1630 Filius
479 1602 514 1631 et
531 1592 673 1632 Cereris
686 1594 817 1631 frustra
834 1602 858 1630 tn
851 1595 896 1629 bi
915 1607 1056 1640 semper
1072 1601 1231 1638 ametur,

394 1652 644 1698 Destituatque
658 1658 736 1687 tuas
751 1661 860 1697 usque
876 1647 1004 1697 petitus
1021 1663 1113 1696 opes.

132 1727 361 1796 Nasonum
374 1726 491 1775 enim
501 1737 655 1774 votum
669 1737 736 1774 est
751 1763 762 1783 ,
788 1727 839 1774 ut
855 1724 1036 1783 Plutus,
1064 1725 1235 1774 Cereris
1249 1737 1293 1774 et
1306 1725 1410 1773 Iasii
1422 1725 1561 1783 filius,

132 1803 474 1872 quidivitiarum
495 1801 619 1853 Deus
630 1804 686 1852 ab
700 1803 893 1870 antiquis
903 1802 1083 1852 habitus
1096 1815 1182 1860 est,
1198 1802 1405 1852 molestas
1424 1803 1566 1853 Ibidis

131 1900 287 1950 preces
310 1884 538 1960 nunquam
557 1881 778 1939 exaudiat,
795 1880 993 1948 'eumque
1013 1899 1182 1947 semper
1199 1881 1349 1949 inopia
1366 1881 1566 1930 laborare

134 1957 264 2009 sistat.
290 1962 345 2009 Is
359 1973 437 2010 est
435 1957 595 2010 ειιὶεηι
610 1955 773 2026 ,cujus
805 1956 1094 2026 mythologici
1119 1957 1222 2006 libri
1250 1959 1450 2008 omnium
1475 1979 1569 2009 ma-

139 2040 289 2088 nibus'
296 2037 401 2089 triti
416 2042 683 2116 supersunt,
716 2051 768 2087 ut
796 2039 952 2087 merito
976 2037 1139 2086 fabulis
1164 2038 1279 2097 suis,
1304 2039 1429 2105 quasi
1463 2059 1568 2106 pro-

137 2109 260 2184 priis
272 2110 431 2175 armis,
449 2111 642 2182 ‘jugulari
665 2115 877 2165 videatur.
903 2118 1070 2164 Annon
1094 2115 1273 2165 mirifice
1300 2117 1446 2166 omnia
1471 2137 1573 2165 con—

138 2194 354 2244 veniunt?
378 2191 595 2243 Caeterum
619 2194 809 2242 disticho
833 2188 1038 2260 superius
1068 2194 1261 2243 adducto
1291 2195 1539 2262 Cinyphius
1558 2233 1569 2254 ,

139 2271 187 2318 id
211 2284 297 2329 est,
321 2270 555 2319 Africanus
574 2289 599 2317 a
615 2270 834 2337 Cinyphe,
855 2268 1042 2337 Libyam
1061 2268 1272 2328 alluente,
1294 2272 1570 2330 nominatur,

144 2349 368 2415 quomodo
392 2348 535 2406 Juba,
561 2348 841 2396 Mauritaniae
861 2367 959 2406 rex,
985 2348 1042 2398 ab
1070 2347 1223 2398 eodem
1247 2350 1449 2408 Nasone,
1475 2348 1574 2397 Me-

141 2425 444 2492 tamorphoseon
470 2425 549 2473 lib.
576 2426 645 2472 V:

669 2534 679 2542 .
689 2533 697 2541 .
709 2532 716 2539 .
741 2503 980 2550 Numidasque
995 2504 1141 2541 rebelles
1157 2533 1167 2550 ,

410 2561 699 2610 Cinyphiumque
715 2561 869 2603 Jubam;

143 2647 189 2684 et
210 2634 412 2684 Bocchus
434 2654 460 2683 a
481 2633 665 2687 Sidonio
690 2633 955 2699 Panegyrico
978 2633 1246 2698 Majqriani.
1236 2654 1246 2664 ·

796 2717 926 2752 .Cum
943 2717 977 2751 di
980 2731 1011 2751 vn
1003 2718 1048 2752 te
1065 2730 1143 2752 cera

410 2777 537 2822 Pinges
557 2750 726 2823 Cinyphii
741 2774 874 2819 captiva
891 2772 1040 2818 Mapalia
1059 2772 1197 2816 Bocchi.
