1794 3100
260 235 315 277 38
627 237 677 279 P.
724 237 959 281 OVIDII
1007 238 1310 283 NASONIS

323 329 469 391 Quam
493 329 609 378 senis
635 330 801 393 OEagri
825 330 1131 398 Calliopesque
1152 352 1317 390 nurus;

258 407 405 468 Quam
428 426 537 472 puer
559 407 846 475 Hypsipyle&
868 428 997 475 quam
1021 411 1099 476 qui
1125 430 1225 460 cava
1246 411 1414 478 prim-us
1435 423 1559 461 acuta
1609 427 1676 472 485

326 485 519 550 Cuspide
544 486 735 552 suspecti
757 485 919 535 robora
935 486 1028 535 fixit
1047 488 1163 553 equi.

258 561 375 608 Neve
399 561 559 622 gradus
582 562 708 610 adeas
732 562 951 628 Elpenore
973 564 1144 613 cautius
1165 564 1280 612 altos
1300 601 1312 622 ‚

323 637 511 703 Vimque
533 637 645 687 feras
667 639 756 689 vini
772 676 783 696 ‚
810 659 902 706 quo»
924 639 1026 689 tulit
1048 639 1122 689 ille
1144 640 1291 689 modo.

258 715 455 780 Tamque
478 715 605 764 cadas
628 716 841 773 domitus,
863 736 992 783 quam
1006 717 1214 784 'quisquis
1232 717 1287 766 ad
1306 737 1423 784 arma
1449 729 1676 766 vocantem

320 792 445 839 Juvit
467 792 755 843 inhumanum
778 794 1100 844 Thiodamanta
1124 796 1304 861 Dryops
1325 814 1335 852 ;

1611 809 1679 855 49⁰

260 868 408 932 Quam
429 869 547 918 ferus
566 871 660 936 ipse
685 890 768 920 suo
788 871 922 937 periit
945 884 1158 920 mactatus
1179 872 1224 919 in
1249 884 1378 920 antro

325 946 536 994 Proditus
560 947 739 997 inclusae
765 949 906 997 Cacus
928 950 993 997 ah·
1008 968 1083 998 ore
1105 950 1255 1007 bovis3

261 1023 407 1086 Quam
433 1025 509 1090 qui
533 1025 652 1074 dona
675 1025 780 1074 tulit
801 1029 983 1074 Lernaeo
1009 1027 1147 1073 tincta
1168 1045 1332 1074 veneno
1349 1063 1361 1084 ‚

323 1100 634 1167 Euboicasque
656 1121 737 1149 suo
759 1103 971 1165 sanguine
998 1102 1128 1150 tinxit
1150 1122 1297 1168 aquas.

260 1175 341 1223 Vel
356 1177 418 1224 ,de
439 1178 653 1245 praecipiti
675 1180 823 1229 venias
844 1180 892 1227 in
915 1181 1095 1228 Tartara
1114 1199 1216 1228 saxo
1229 1218 1240 1236 ‚

1614 1191 1680 1239 49⁵

328 1254 391 1300 Ut
415 1253 492 1319 qui
516 1254 787 1304 Socraticum
809 1255 862 1304 de
883 1275 986 1304 nece
1008 1255 1115 1318 legit
1133 1273 1270 1321 opus3

261 1332 324 1377 'Ut
346 1331 422 1396 qui
444 1331 622 1379 Theseae
643 1331 812 1380 fallacia
834 1332 927 1380 vela
951 1333 1107 1379 carinae
1143 1333 1150 1346 '

326 1408 452 1456 Vidit
473 1429 482 1466 ;
502 1422 553 1459 ut
574 1409 704 1457 Iliaca
723 1410 889 1460 missus
906 1410 961 1457 ab
985 1427 1080 1457 arce
1106 1427 1238 1474 puer;

260 1487 325 1533 Ut
347 1486 485 1534 teneri
509 1486 658 1557 nutrix
677 1525 688 1547 ‚
719 1487 867 1535 eadem
888 1498 1118 1535 matertera
1132 1523 1143 1543 ‚
1169 1485 1332 1533 Bacchi
1353 1504 1363 1543 ;

264 1596 326 1630 filii
344 1596 467 1642 OEagri
484 1604 520 1631 et
537 1595 710 1642 Calliopes
722 1610 731 1638 ;
743 1596 822 1631 vide
834 1595 938 1631 Ovid.

264 1649 410 1683 Metam.
430 1649 487 1683 lib.
501 1649 533 1682 X
545 1675 554 1692 ,
576 1661 663 1683 vers.
690 1661 729 1683 10
746 1661 753 1682 :
771 1649 939 1693 serpentis

265 1701 331 1736 icta
350 1709 488 1736 mortua
503 1709 564 1736 est.

309 1754 384 1796 485.
416 1755 524 1797 Quam
534 1767 624 1797 puer.
643 1753 833 1799 Opheltes,
851 1754 940 1788 filius

267 1806 416 1852 Lycurgi
434 1806 524 1852 regis
542 1807 759 1841 Nemeorum
773 1833 783 1849 ‚
801 1807 858 1852 qui
877 1819 942 1851 po—

265 1864 338 1892 stca
365 1858 602 1894 Archemorus
626 1867 677 1895 est
700 1859 829 1902 dictus,
856 1859 940 1893 dum

268 1923 392 1953 parum
412 1910 596 1956 diligenter
615 1912 656 1946 ab
676 1911 856 1959 Hipsipyle
873 1925 943 1946 nu-

270 1962 354 1996 trice
370 1963 602 1998 custodiretur
613 1990 622 2007 ,
638 1966 807 2009 serpentis
824 1976 942 1998 morsu

270 2015 453 2055 exstinctus
468 2023 529 2050 est.
547 2016 630 2060 Qua
646 2017 792 2051 orbitate
810 2017 942 2063 Lycur-

271 2079 333 2111 gus
344 2067 450 2101 iratus
460 2093 469 2109 ,
484 2067 598 2102 dirum
610 2069 663 2111 jus
677 2069 712 2102 in
728 2069 945 2115 Hipsipylem

272 2118 475 2153 exercuisset
485 2145 494 2162 ‚
511 2119 547 2152 ni
562 2132 581 2152 a
593 2118 722 2154 Graecis
736 2119 856 2154 fuisset
869 2133 948 2164 pro-
990 2136 994 2140 *

272 2168 411 2211 hibitus;
422 2171 622 2214 atquumab
631 2171 771 2206 oraculo
778 2170 948 2206 admoniti

274 2228 389 2255 essent
408 2221 525 2257 Graeci
541 2249 551 2265 ,
587 2236 659 2257 non
689 2222 783 2268 prius
810 2223 948 2257 Thebas

274 2285 370 2316 posse
388 2274 571 2318 pervenire
583 2302 591 2315 ‚
614 2288 718 2319 quam
740 2274 948 2309 Archemori

276 2337 394 2358 manes
419 2325 607 2370 placassent
622 2353 631 2370 ‚
663 2326 761 2361 ludos
783 2325 948 2361 funebres

275 2378 558 2422 constituerunt,
582 2379 625 2415 de
652 2380 776 2424 quibus
801 2378 949 2414 victores

276 2430 343 2474 apii
359 2443 487 2465 corona
505 2431 782 2477 insigniebantur
794 2458 803 2475 ‚
826 2439 861 2466 et
876 2432 949 2466 ludi

276 2488 395 2525 postea
406 2483 557 2518 celebres
570 2497 610 2518 ex
621 2484 672 2518 lv
687 2484 853 2535 agonibus
865 2483 950 2518 lsth-

278 2533 350 2567 mii.
365 2534 502 2569 MIGYL.
513 2555 556 2561 —
566 2539 672 2580 Quam
687 2541 751 2582 qui.
770 2537 929 2571 Laocoon
939 2562 948 2579 ‚

278 2587 431 2622 immisso
453 2587 522 2622 telo
546 2588 582 2621 in
607 2602 738 2634 equum
754 2589 951 2633 Troianum

277 2640 433 2685 ligneum
451 2666 460 2683 ,
486 2642 655 2686 serpentis
680 2655 798 2676 morsu
818 2642 950 2676 cecidit.

278 2692 413 2727 Notum
426 2700 475 2726 est
488 2705 629 2726 carmen
642 2694 788 2738 Virgilii.
802 2693 905 2728 DoM.

322 2746 396 2792 493.
413 2748 523 2789 Quam
532 2750 592 2791 qui
601 2748 699 2780 dona.
711 2746 833 2780 Lichas
848 2758 951 2780 vene-

1004 1603 1122 1631 natam
1146 1587 1300 1631 tunic'am
1322 1594 1471 1630 Herculi
1490 1593 1637 1637 adtulit,
1661 1605 1681 1628 a

1005 1661 1073 1693 quo
1082 1648 1118 1682 in
1130 1660 1226 1682 mare
1235 1646 1431 1682 Euboicum
1443 1645 1600 1691 dejectus
1608 1652 1678 1688 θεὴ

1007 1701 1138 1748 Hygin.
1155 1713 1227 1745 cap.
1244 1700 1296 1734 36.
1317 1699 1420 1734 Dom.

1050 1756 1125 1802 4952
1139 1757 1175 1789 V
1168 1757 1204 1788 el
1211 1757 1252 1788 de
1255 1757 1420 1798 pmczpiti
1428 1756 1550 1787 venias
1555 1756 1591 1787 in
1603 1754 1682 1787 Tar·—

1006 1814 1091 1842 tara.
1130 1806 1377 1841 Cleombrotus
1407 1803 1648 1840 Ambraciotes
1668 1830 1677 1844 ‚

1008 1860 1164 1894 Platonis
1194 1859 1250 1893 lib.
1283 1859 1326 1893 de
1349 1858 1469 1893 Anim.
1489 1858 1682 1892 immorta—

1006 1912 1119 1954 litate,
1139 1912 1197 1956 qui
1214 1910 1369 1946 Phaedou
1382 1909 1593 1952 inscribitur,
1606 1921 1684 1954 per—

1007 1964 1115 2007 lecto,
1136 1978 1154 1998 e
1171 1964 1259 1998 turri
1274 1963 1311 1997 in
1327 1975 1405 1997 saxa
1419 1961 1631 2007 praecipitem
1647 1973 1683 1996 se

1009 2017 1104 2051 dedit
1123 2030 1130 2051 :
1151 2016 1276 2051 Cicero
1294 2022 1415 2050 autem
1431 2014 1465 2048 in
1483 2026 1581 2048 mare
1600 2025 1683 2047 eum

1009 2069 1126 2103 scribit
1140 2082 1175 2103 se
1193 2067 1429 2113 praecipitasse.
1446 2066 1537 2100 ΖΑΒ.

1054 2124 1127 2169 497.
1143 2123 1190 2155 Ut
1202 2124 1262 2166 qui
1273 2122 1415 2155 Theseae.
1431 2119 1583 2164 AEgaeus,
1593 2117 1683 2152 'rhe-

1010 2176 1057 2210 sei
1068 2182 1167 2221 pater
1179 2201 1187 2218 ,
1202 2187 1311 2219 quum
1319 2172 1527 2207 revertentis
1533 2170 1598 2205 filii
1608 2168 1683 2204 vela

1011 2228 1108 2272 nigra
1118 2240 1159 2261 ex
1170 2240 1246 2261 arce
1256 2225 1489 2272 prospexisset,
1501 2228 1682 2257 mortuum

1010 2279 1164 2324 putavit,
1177 2279 1363 2323 doloreque
1377 2289 1449 2311 sese
1462 2274 1684 2320 praecipitavit

1012 2344 1052 2365 ex
1068 2331 1136 2365 alto
1151 2344 1159 2365 ε
1174 2331 1215 2364 ab
1232 2330 1297 2364 hoc
1312 2341 1407 2363 mare
1418 2326 1580 2372 AEgaeum
1596 2337 1686 2360 non-

1012 2382 1098 2416 nulli
1116 2382 1246 2416 dictum
1267 2386 1400 2426 putant.

1056 2434 1131 2480 498.
1164 2435 1274 2467 Iliaca
1295 2434 1417 2465 missus
1438 2431 1483 2463 ab
1501 2439 1579 2462 arce
1593 2439 1684 2470 puer.

1015 2500 1031 2515 «
1048 2484 1150 2519 Heu!
1170 2485 1330 2520 columen
1348 2480 1431 2516 illud
1450 2479 1553 2525 regiae
1571 2486 1688 2514 extre—

1014 2550 1113 2571 mum
1133 2536 1252 2577 decus,
1272 2534 1427 2568 Tantum
1449 2530 1626 2567 timendus
1642 2529 1685 2564 ad

1014 2601 1137 2623 necem
1153 2586 1341 2622 extrahitur
1356 2597 1444 2629 puer
1457 2598 1465 2625 3
1479 2597 1496 2613 »
1512 2596 1553 2618 ex
1565 2582 1685 2627 Eurip.

1016 2640 1151 2675 Hecub.

1058 2694 1133 2738 499.
1149 2692 1279 2725 Nutrix.
1295 2689 1360 2723 Ino
1372 2714 1381 2731 ,
1398 2687 1553 2723 Semeles
1565 2698 1683 2728 soror,

1016 2756 1123 2788 quum
1142 2741 1363 2777 Athamantis
1379 2740 1444 2774 viri
1459 2740 1619 2774 furorem
1628 2737 1686 2772 fu-
