1794 3100
291 238 316 279 5
321 239 347 280 8
800 239 837 282 E
849 239 892 282 X
907 240 942 283 C
954 239 998 282 U
1010 239 1089 294 RJS
1103 240 1144 284 U
1158 242 1187 285 S

291 328 549 378 scholiastes
570 331 742 385 notavit
757 331 813 379 ad.
835 338 963 398 Προμ.
988 336 1098 396 ὃεσμ.
1119 334 1190 382 his
1210 334 1354 383 verbis
1378 354 1387 382 :
1406 338 1465 382 Oa‘
1485 337 1637 383 παλαιοὶ
1656 339 1706 382 τὰ

289 415 480 469 ποιήματα
513 411 640 457 αὐτῶν
666 418 816 472 πρῶτον
843 414 912 473 μὲν
943 416 1136 475 αἰνίγμασι
1173 419 1408 478 γεγράφασιν
1421 451 1435 471 ,
1471 418 1628 478 ὕστερον
1660 415 1704 460 δὲ

288 489 448 533 καθόλου
475 497 644 552 φανερῶς
666 491 830 551 ἐχρῶντο
844 498 897 552 τῷ
915 494 1025 551 λόγῳ.

785 713 1054 770 CAPUT
1106 714 1192 770 ΙΙ.
1244 782 1246 784 ¹

524 851 730 878 GERMANUS
755 854 849 878 lunc
871 854 1060 880 OPUSCULO
1083 855 1244 880 TITULUS
1267 854 1462 881 ASSERTUS.

288 957 344 1025 Α
355 991 463 1027 NTV'
474 993 773 1032 ERPIENSIS
796 983 930 1032 editio
946 982 1064 1032 arida
1075 1021 1086 1041 ‚
1104 984 1239 1032 modo
1255 983 1430 1049 pumice
1451 981 1614 1032 Valerii
1630 996 1705 1033 ex-

284 1053 422 1120 polita
436 1094 448 1113 ‚
472 1055 557 1104 hoc
583 1057 714 1106 titulo
736 1059 1037 1108 circumfertur
1053 1097 1064 1117 ‚
1102 1059 1156 1107 P.
1199 1057 1341 1108 Ovidii
1363 1058 1547 1108 Nasonis·
1578 1057 1704 1107 Diroe

284 1131 325 1177 in
354 1131 452 1179 Ibin
471 1172 482 1187 ,
511 1134 879 1198 quemadmodum
903 1135 1125 1197 egregium
1144 1134 1256 1182 illud
1277 1133 1557 1200 poemation‚
1581 1133 1703 1198 cujus

287 1220 483 1257 autorem
517 1228 610 1257 esse
635 1210 855 1258 Valerium
892 1212 1104 1259 Catonem
1137 1211 1463 1275 grammaticum
1481 1209 1705 1277 perspica—

286 1284 426 1333 ciores
449 1285 711 1335 existimant.
739 1289 901 1336 Verum
925 1308 979 1336 ne
1002 1289 1078 1336 Dii
1102 1289 1272 1347 sinant,
1302 1299 1354 1337 ut
1382 1283 1439 1339 ab
1465 1286 1702 1352 epigraphe

285 1376 458 1431 recepta
482 1365 759 1414 deflectamus
775 1404 786 1423 ‚
810 1367 896 1415 nisi
920 1366 1059 1415 libros
1083 1379 1233 1415 omn‘es
1257 1378 1351 1414 tum
1374 1380 1580 1422 excusos,
1608 1376 1701 1413 tum

285 1455 483 1502 exaratos
505 1443 644 1497 valere
676 1445 934 1510 jubeamus;
954 1446 1040 1494 nisi
1063 1446 1251 1512 denique
1273 1445 1440 1495 Nasoni
1460 1444 1549 1511 ipsi
1572 1442 1701 1492 affin-

287 1540 452 1584 gamus,
470 1522 543 1589 qui
560 1542 604 1572 se
620 1523 705 1572 hoc
724 1523 1003 1590 opusculum,
1022 1523 1244 1572 Libellum
1258 1523 1303 1571 in
1315 1522 1417 1572 Ibin
1430 1521 1703 1590 inscripsisse

285 1599 457 1666 liquido
481 1613 665 1650 testatur
686 1621 795 1650 vers.
823 1601 876 1650 51
892 1641 903 1659 ‚
929 1603 976 1649 in
995 1603 1114 1650 hunc
1137 1601 1318 1650 modum
1338 1622 1349 1649 ε

505 1717 551 1751 Et
567 1730 682 1762 neque
699 1730 830 1752 nomen
844 1717 881 1751 in
896 1717 981 1761 hoc,
998 1730 1062 1753 nec
1080 1717 1193 1752 dicam
1206 1716 1297 1752 facta
1310 1715 1444 1757 libello;

287 1813 444 1860 iterum
469 1832 594 1861 versu
620 1812 707 1873 461
733 1832 743 1860 :

505 1929 592 1963 Haec
608 1929 669 1963 tibi
689 1929 856 1974 tantisper
870 1927 985 1963 subito
1000 1917 1083 1962 sunt
1098 1927 1200 1971 missa
1218 1925 1353 1966 libello;

286 2041 373 2087 qua
406 2022 595 2072 dictione
618 2022 835 2089 poematia
868 2038 1050 2087 quaeque
1077 2020 1254 2087 proprie
1289 2019 1585 2083 designantur.
1628 2017 1702 2065 Sic

288 2100 402 2148 enim
426 2100 650 2149 Ausonius
681 2099 900 2165 Griphum
922 2118 1051 2165 suum
1076 2098 1128 2146 de
1149 2097 1362 2146 Ternario
1382 2115 1566 2146 numero
1588 2094 1702 2142 indi-

288 2177 431 2239 gitat:
462 2199 484 2218 «
520 2176 705 2224 Latebat
737 2175 853 2224 inter
886 2194 1025 2239 nugas
1057 2193 1177 2224 meas
1197 2172 1377 2223 libellus
1407 2170 1644 2236 ignobilis;
1674 2191 1697 2212 n

288 2251 419 2318 paulo
450 2263 554 2318 post
575 2271 585 2299 :
613 2274 634 2294 «
665 2252 807 2314 Igitur
825 2251 908 2299 iste
931 2262 1123 2313 nugator
1142 2249 1322 2314 libellus
1343 2247 1510 2297 tamdiu
1537 2256 1702 2293 secreta

293 2352 315 2371 »
345 2330 520 2394 quidem
534 2366 546 2387 ,
567 2329 642 2377 sed
660 2327 779 2390 vulgi
796 2326 983 2376 lectione
999 2327 1230 2385 laceratus,
1245 2325 1441 2393 pervenit
1460 2322 1633 2371 tandem
1655 2321 1703 2368 in

294 2431 316 2451 »
344 2427 499 2457 manus
523 2420 632 2456 tuas.
672 2430 692 2448 »
736 2407 946 2472 Idemque
978 2405 1288 2471 Protrepticon
1310 2419 1438 2452 suum
1467 2400 1521 2448 de
1544 2397 1706 2466 puerili

292 2485 437 2533 studio
458 2484 656 2534 libellum
680 2484 878 2533 nominat
901 2482 1087 2550 epistola
1104 2480 1159 2530 ad
1181 2477 1443 2545 Hesperium
1464 2493 1479 2525 ι
1501 2498 1523 2518 «
1551 2473 1704 2524 Libel-

294 2585 317 2605 »
344 2561 458 2618 lum,
487 2582 616 2626 quem
651 2561 707 2610 ad
731 2560 990 2627 nepotulum
1021 2578 1164 2608 meum
1180 2595 1192 2615 ‚
1219 2555 1384 2605 sororis
1418 2566 1504 2603 tuae
1531 2552 1670 2601 filium
1687 2589 1700 2608 ‚

295 2664 317 2684 »
345 2641 482 2690 instar
505 2641 766 2706 Protreptici
789 2641 996 2696 luseram,
1016 2650 1223 2686 venturus
1246 2635 1329 2683 tibi
1347 2632 1535 2701 praemisi
1555 2631 1702 2694 legeu-

296 2743 318 2762 »
347 2720 464 2768 dum.
494 2741 515 2761 »
546 2718 616 2765 Sic
640 2718 767 2766 etiam
791 2717 1005 2782 Papinius
1028 2713 1212 2763 Silvulas
1236 2731 1336 2761 suas
1356 2709 1537 2760 Libellos
1554 2706 1702 2775 adpel-
