1794 3100
540 226 631 269 ET
663 227 1176 276 PRAEFATIONES.

359 315 492 361 -Salve,
509 317 627 353 anima
640 345 650 362 ,
667 319 805 365 angusti
819 321 912 357 salve
928 323 1031 369 ignea
1048 323 1204 370 corporis
1222 324 1347 371 hospes
1360 352 1369 370 ,

416 378 555 425 Vixque
571 379 689 416 minus
703 381 789 417 caelo
803 394 906 418 mens
922 384 1073 430 spatiosa
1082 399 1162 422 suo.

363 439 446 475 Jam
463 440 526 476 tibi
543 454 607 487 per
624 455 720 478 seros
737 443 805 479 late
820 445 1015 491 spargenda
1033 455 1180 494 nepotes
1191 474 1201 492 ,

412 501 633 547 Perpetuum
651 504 731 539 vivo
746 504 856 550 gloria
870 506 992 541 stravit
1007 507 1084 543 iter.
1136 512 1140 515 ”

367 561 528 608 Quando
544 564 631 607 erit,
648 564 822 601 immensa
836 567 926 603 serie
944 567 1086 604 lassatus
1102 569 1282 606 honorum
1292 598 1302 615 ,

413 623 456 658 In
473 624 625 669 patriam
641 626 777 662 meritis
794 634 833 662 ut
848 628 977 664 satiei-e
994 629 1063 664 tuis
1075 629 1092 664 ?

372 685 527 732 Sepositi
540 684 682 723 mecum
699 695 732 723 te
749 690 840 725 ruris
859 697 898 725 ut
914 691 1062 738 angulus
1081 692 1185 729 abdat
1197 693 1214 728 ?

414 747 521 783 Ruris
531 775 541 792 ‚
559 749 619 784 ubi
637 750 783 786 ambitio
797 764 871 786 uon
887 751 993 788 habet
1009 753 1078 788 ulla
1092 753 1223 790 locum.

358 808 505 845 Vossius
520 816 561 845 ut
580 810 679 846 lateri
695 823 771 847 non
789 812 1010 850 divellendus
1025 815 1138 851 arnico

410 870 569 907 Mulceat
585 871 756 918 adloquiis
772 880 922 918 pectora·
932 874 1002 911 fida
1018 876 1088 912 suis
1107 877 1125 912 ?

367 932 514 968 Vossius
526 960 535 978 ,
554 946 574 968 a
590 933 704 980 prima
722 937 896 972 nascentis
912 937 1048 983 origine
1066 938 1191 975 mundi
1206 966 1216 984 ,

415 993 484 1029 Cui
499 994 639 1030 senium
651 996 754 1042 prisci
771 997 940 1043 temporis
956 1011 1063 1035 omne
1075 1007 1173 1047 patet
1185 1015 1194 1045 ;

361 1055 430 1092 Cui
448 1055 535 1103 fingi
551 1057 588 1093 in
607 1059 734 1103 patrias
751 1058 902 1096 feliciter
918 1062 1044 1108 obtigit
1059 1070 1151 1099 artes
1166 1090 1177 1108 ,

413 1119 605 1165 Progenies
621 1133 752 1167 magno
768 1134 841 1156 non
855 1122 1017 1168 genitore
1032 1123 1162 1160 minor.

362 1179 426 1215 llla
441 1179 559 1216 trahet
572 1194 694 1217 secum
712 1181 846 1219 Clarias
863 1183 1084 1231 Aganippide
1105 1185 1233 1221 Cirrha
1246 1214 1256 1232 ‚

410 1241 457 1276 Et
473 1242 620 1278 comites
635 1242 741 1279 ducet
757 1242 835 1280 laeta
849 1257 915 1290 per
930 1258 1012 1280 arva
1028 1246 1132 1282 Deas.

365 1302 546 1339 Plurimus
561 1303 710 1349 inceptis
726 1317 854 1350 auspex
870 1304 1000 1341 ridebit
1018 1307 1145 1353 Apollo
1157 1333 1167 1352 ,

410 1363 458 1399 Et
475 1363 592 1399 studia
609 1363 753 1400 adflabit
768 1366 918 1402 numine
934 1374 1053 1403 nostra
1069 1380 1146 1405 suos

365 1425 460 1460 Huic
475 1427 616 1471 quoque
629 1438 689 1462 rus
705 1433 758 1462 est
773 1440 859 1463 cura
869 1427 950 1463 Deo
967 1441 975 1464 ε
994 1428 1184 1476 De'uiseipoe
1201 1429 1367 1466 Pheraeos

404 1486 508 1523 Pavit
524 1485 562 1522 in
580 1487 780 1523 Haemoniis
795 1488 941 1524 vallibus
957 1497 1039 1524 ante
1057 1494 1190 1537 greges.

362 1547 503 1593 'sesqua
518 1547 624 1584 simul
635 1537 738 1584 nobis
754 1548 963 1585 habitabunt
977 1550 1115 1597 hospita
1130 1558 1226 1587 vates
1240 1579 1249 1596 ,

400 1596 539 1647 Giraecia
554 1622 637 1644 cum
652 1610 751 1645 Latia
767 1623 855 1656 quos
871 1618 972 1647 vetus
989 1612 1076 1648 urbe
1095 1611 1184 1648 tulit.

364 1664 524 1705 Molliter
538 1676 666 1705 exactae
680 1683 760 1716 pars
777 1671 911 1717 optima
929 1685 1019 1718 saepe
1037 1672 1107 1708 diei

401 1731 514 1775 Naso,
532 1731 596 1766 tibi
610 1731 705 1767 fallet
719 1739 900 1779 tempora;
918 1734 1032 1778 Naso,
1049 1735 1148 1770 mihi.

364 1792 458 1828 Naso
475 1804 576 1827 meus
588 1818 598 1836 ,
619 1792 728 1837 (quid
745 1794 842 1828 enim
858 1802 1022 1831 cantante
1039 1797 1200 1833 sonorius
1217 1797 1277 1832 illo
1290 1798 1331 1842 ?)

405 1851 546 1887 Crebra
563 1853 750 1899 voluptatis
767 1868 870 1891 causa
881 1882 891 1899 ,
909 1856 1078 1893 terendus
1089 1857 1166 1893 erit.

362 1912 544 1948 Maximus
559 1913 690 1960 eloquii
705 1915 885 1952 constricti
900 1916 1034 1964 legibus
1050 1926 1189 1961 auctor,

402 1974 503 2010 Seria
517 1976 588 2010 sive
604 1983 705 2022 paret
719 1977 857 2023 pectine
872 2001 882 2022 ,
901 1978 970 2013 sive
983 1980 1087 2026 jocos.

365 2035 440 2082 Qui
456 2035 592 2072 Phoebo
606 2037 789 2084 Musisque
806 2051 888 2074 suos
904 2041 1110 2087 Venerique
1126 2041 1263 2088 lepores
1275 2069 1284 2085 ‚

404 2097 452 2132 Et
471 2096 636 2133 Chat-isin
653 2107 795 2136 cunctas
813 2101 953 2136 abstulit
969 2115 1062 2137 unus
1083 2115 1176 2148 opes.

366 2158 446 2204 Ipse
465 2158 600 2205 liquor,
615 2167 738 2196 vatum
753 2174 824 2208 quo
838 2163 1052 2208 pectora-dia
1068 2164 1228 2211 rigantur
1238 2191 1247 2208 ,

406 2219 550 2255 Parcius
565 2220 630 2256 hac
645 2233 735 2257 vena
749 2224 1006 2270 pauperiusque
1022 2223 1113 2260 fluit.

358 2279 430 2314 Tot
445 2279 526 2316 licet
542 2280 692 2328 ingeniis
706 2282 872 2320 foeeunda
885 2285 1065 2332 superbiat
1084 2294 1166 2325 otas
1177 2315 1186 2330 ,

342 2351 365 2377 ο
403 2340 441 2377 Si
458 2354 526 2387 qua
543 2342 648 2387 fides,
665 2343 761 2379 nulla
778 2344 857 2391 plus
869 2345 934 2381 sibi
947 2347 1052 2383 laude
1068 2347 1191 2396 placet.

358 2400 465 2437 Illum
482 2415 548 2449 ego
561 2430 571 2446 ‚
589 2403 728 2440 detersa
748 2418 884 2453 rugosae
899 2408 1002 2443 sorde
1019 2417 1170 2446 senectae
1183 2438 1191 2454 ‚

405 2462 448 2498 In
459 2463 593 2500 famam
611 2473 646 2501 et
663 2466 810 2513 populos
826 2474 863 2503 et
876 2480 941 2504 sua
954 2470 1045 2506 secla
1062 2470 1149 2506 sero.

360 2522 472 2570 Ecce,
496 2526 734 2563 voluminibus
750 2536 806 2575 ter
820 2529 975 2576 quinque
991 2533 1154 2567 sonantia
1169 2532 1301 2568 formas

408 2585 580 2623 Carmina
597 2596 769 2635 mutatas,
789 2590 883 2636 quod
900 2591 964 2630 tibi
981 2606 1017 2628 se
1034 2593 1094 2629 (lat
1113 2607 1218 2640 opus,

361 2648 414 2684 Ut
432 2647 560 2685 faciem
577 2663 702 2696 cepere
722 2663 853 2687 novam
869 2653 1030 2699 squalore
1051 2653 1172 2702 fugato
1183 2682 1195 2701 ,

405 2710 492 2747 Pars
507 2711 710 2760 argumenti
725 2713 883 2750 carmina
898 2714 989 2752 facta
1003 2715 1076 2751 sui!

1491 235 1576 279 315
