1794 3100
428 248 516 294 DE
555 249 606 291 P.
652 246 912 292 ovlmo
948 244 1247 290 NAsoNE.
1464 248 1552 307 379

136 358 317 400 ml,
343 327 453 389 edit.
476 345 552 387 cit.
579 357 677 403 pag.
709 341 815 395 133,
840 341 873 384 l.
902 339 984 383 ult.
1009 355 1089 383 vox
1111 338 1324 393 Alkimia,
1351 354 1450 399 quae
1471 342 1551 383 iti-

134 417 239 462 dem
252 416 392 460 ¹sewius
411 415 467 458 ab
490 413 713 458 Arabibus
733 411 789 455 ad
811 412 989 456 Latinos
1006 412 1142 454 venit.
1167 410 1296 455 Idem
1317 410 1554 455 dicendum

135 489 192 535 de
214 488 417 551 Algebra
438 498 482 533 et
504 485 873 548 Almucgrabala,
901 502 998 546 quae
1028 493 1285 540 occurrunt,
1309 502 1357 530 n.
1381 500 1481 541 xm,
1506 503 1550 531 V.

135 565 188 619 5,
211 580 311 627 pag.
341 565 440 608 135.
469 562 757 624 Algebraque
789 563 973 614 iterum,
1008 558 1089 603 lib.
1120 561 1214 615 ΙΙΙ,
1252 577 1300 604 n.
1333 574 1390 614 11,
1424 578 1471 605 v.
1503 561 1552 615 5,

132 651 234 699 pag.
266 636 364 680 163.
403 636 680 697 Cognoscere
708 636 912 687 amicam,
941 631 1023 676 lib.
1056 633 1124 685 II,
1158 648 1205 676 n.
1232 646 1267 686 1,
1304 649 1348 676 v.
1374 634 1399 675 5
1429 641 1474 676 et
1506 652 1554 694 7,

133 706 234 769 pag.
264 706 373 768 149,
393 713 467 751 'est
478 706 779 758 hebraismus,
807 721 857 748 ex
878 703 1068 747 lectione
1092 703 1139 747 S.
1163 702 1339 747 Codicis
1358 704 1553 748 haustus.

133 779 374 824 Pastorum
386 788 431 824 et
450 779 803 824 Proelaturarum
818 777 1045 830 meminit,
1070 775 1153 819 lib.
1176 777 1222 820 II
1234 809 1247 830 ‚
1267 793 1313 818 n.
1335 789 1435 832 xlv,
1460 795 1504 822 v.
1523 772 1556 822 '3

135 859 181 895 et
208 853 260 902 8,
297 866 397 912 pag.
442 849 544 905 143,
584 866 680 910 quoe
712 864 838 893 voces
866 847 1180 892 Ecclesiasticae
1214 854 1332 890 sunt.
1373 847 1559 892 camisia

135 926 269 978 item,
296 939 395 984 quae
414 923 619 976 affertur,
644 921 726 965 lib.
752 923 822 975 ll,
846 937 892 964 n.
917 933 1053 973 xxlv,
1078 935 1177 980 pag.
1213 919 1312 973 150,
1337 918 1371 962 l.
1402 934 1417 961 1
1436 952 1448 972 ,
1474 934 1560 965 non

135 1004 203 1040 est
219 996 299 1040 aevi
315 994 542 1040 Ovidiani.
562 993 655 1041 Stbi
669 993 765 1037 loco
783 996 864 1055 ipsi
879 1008 1202 1052 nonnunquam
1216 1000 1399 1060 usurpat
1412 1000 1564 1035 auctor

134 1070 215 1114 lib.
244 1071 312 1124 11,
338 1087 386 1114 n.
408 1083 576 1123 xxxm,
603 1085 648 1112 v.
684 1069 709 1111 5
733 1083 832 1129 pag.
865 1068 946 1110 155
973 1085 985 1123 ς
1026 1083 1073 1109 n.
1098 1079 1242 1112 xxxvl
1259 1099 1275 1115 ,
1299 1082 1361 1109 vs.
1387 1066 1562 1127 penult.

134 1152 236 1203 pag.
268 1142 366 1202 157.
387 1143 478 1187 Dei
488 1145 699 1185 unitatem
713 1140 791 1183 ubi
811 1138 980 1183 stabilit
1000 1146 1177 1192 auctor,
1203 1137 1287 1181 lib.
1305 1140 1375 1182 III
1389 1171 1402 1192 ,
1429 1154 1477 1180 n.
1501 1151 1562 1193 IV,

135 1229 236 1275 pag.
266 1213 349 1270 164
365 1223 409 1258 et
433 1213 513 1258 165
527 1248 541 1269 ,
567 1213 781 1258 vocabula
790 1214 1049 1273 principium
1062 1219 1104 1254 et
1114 1213 1425 1272 principiatum
1442 1209 1571 1253 adhi-

135 1287 230 1341 bet,
244 1295 290 1335 et
302 1287 656 1331 Manichaeorum
671 1287 917 1339 sententiae,
931 1284 987 1327 de
999 1284 1171 1327 duobus
1180 1287 1402 1345 principiis
1414 1284 1570 1328 mundi

135 1357 233 1401 sibi*
248 1359 480 1409 contrariis
499 1365 543 1402 et
559 1358 786 1401 coaeternis
796 1390 809 1410 ,
832 1357 1055 1399 meminit.
1074 1356 1305 1400 Vocabulo
1319 1346 1570 1418 glorficare

136 1445 458 1492 nonnunquam
486 1432 653 1485 utitur,
681 1429 803 1491 quod
829 1438 893 1473 est
922 1446 973 1473 ex
991 1429 1314 1473 Ecclesiastico.
1353 1429 1567 1473 Chris-tia-

66 1541 70 1545 ,
137 1520 263 1558 num,
283 1513 334 1548 ut
349 1504 430 1549 lib.
448 1505 519 1548 ΙΙΙ
533 1538 547 1560 ,
570 1522 616 1548 ιι.
639 1518 687 1560 v,
708 1521 751 1548 v.
765 1504 847 1555 ult.
870 1520 968 1565 pag.
998 1503 1095 1547 166.
1117 1502 1341 1548 Mundum
1361 1520 1412 1547 ex
1429 1503 1570 1547 nihilo

136 1590 331 1633 creatum
354 1595 446 1623 esse
465 1578 652 1639 probat,
677 1578 758 1622 lib.
784 1580 882 1633 III,
906 1595 952 1622 n.
978 1592 1051 1633 vl,
1078 1594 1178 1639 pag.
1221 1578 1325 1633 166,
1355 1595 1400 1621 n.
1430 1591 1566 1631 XVIII,

137 1664 239 1710 pag.
264 1651 368 1711 273.
390 1650 768 1694 Resurrectionem
789 1663 1062 1694 mortuorum
1082 1650 1227 1694 credit
1247 1651 1462 1705 futuram,
1486 1649 1567 1693 lib.

138 1721 209 1763 ΙΙΙ
223 1752 236 1773 ,
257 1736 305 1764 n.
323 1734 408 1774 xx,
429 1736 529 1781 pag.
561 1737 574 1763 1
588 1722 658 1782 75,
685 1724 855 1765 Locum
876 1720 932 1764 de
952 1721 1241 1765 incommodis
1266 1724 1501 1765 senectutis
1523 1738 1573 1764 ex

136 1794 443 1838 Ecclesiastico
465 1795 661 1855 profert,
684 1795 767 1838 lib.
791 1796 860 1838 ΙΙΙ
874 1828 887 1849 ,
907 1812 953 1838 n.
977 1809 1116 1850 xxm,
1140 1811 1241 1856 pag.
1272 1796 1370 1857 176.
1389 1797 1458 1840 De
1476 1796 1573 1839 Re-

137 1867 298 1928 ligione
318 1868 572 1913 Christiana
587 1869 726 1913 multa
746 1868 882 1912 habet
895 1903 909 1924 ,
934 1869 1016 1913 lib.
1041 1871 1110 1913 ΙΙΙ
1125 1903 1137 1923 ,
1163 1887 1210 1917 n.
1232 1884 1360 1914 xxxn
1379 1886 1473 1930 seq.
1491 1869 1572 1913 ubi

139 1939 402 1983 vaticinatus
429 1941 535 1984 talia
574 1940 805 1985 inducitur
834 1940 1051 1996 Ovidius,
1090 1951 1135 1986 et
1162 1959 1211 1986 ex
1241 1941 1358 1986 foliis
1391 1941 1573 2001 Sibyllae

141 2011 235 2054 haec
252 2011 444 2056 hausisse
467 2013 563 2056 vid.
583 2013 666 2057 lib.
686 2016 781 2068 III,
804 2031 851 2058 n.
877 2028 975 2069 XLI,
1001 2032 1044 2059 v.
1071 2024 1222 2077 antep.
1249 2031 1348 2077 pag.
1383 2014 1490 2069 186,
1517 2013 1573 2058 de

143 2083 467 2143 quihustamen
481 2094 672 2140 constat,
700 2104 749 2130 ea
767 2089 965 2148 ignorata
983 2104 1162 2149 prorsus
1182 2089 1316 2133 fuisse
1328 2097 1430 2133 ante
1441 2090 1575 2134 Com-

141 2156 266 2200 modi
277 2159 562 2219 Imperatoris
575 2167 792 2221 tempora.
811 2163 1074 2208 Trinitatem
1087 2163 1284 2207 admittit
1299 2166 1351 2207 iis
1359 2163 1573 2225 loquendi

142 2227 365 2284 formulis,
391 2230 557 2291 quibus
578 2248 635 2275 ne
652 2233 897 2277 Christiani
915 2235 1098 2296 quidem
1113 2238 1270 2297 primis
1292 2236 1451 2280 seculis
1473 2245 1574 2280 ute-

142 2300 330 2357 bantur,
352 2302 433 2347 lib.
457 2305 524 2347 ΙΙΙ
539 2338 551 2358 ,
578 2321 625 2348 n.
651 2319 746 2350 xLu
759 2339 773 2361 ,
797 2320 924 2353 xmn.
949 2311 1149 2354 Mariam
1168 2309 1475 2354 mediatricem
1496 2326 1576 2370 ap-

142 2373 304 2435 pellat,
329 2375 410 2419 lib.
429 2377 521 2430 ΙΙΙ,
538 2393 584 2420 n.
605 2391 719 2432 XLV,
741 2396 782 2422 v.
803 2397 908 2440 pen.
925 2398 1026 2442 pag.
1052 2384 1158 2436 188,
1180 2399 1367 2443 eamque
1384 2384 1430 2425 in
1448 2381 1575 2425 caelos

142 2455 330 2491 sumtam
348 2464 438 2492 esse
456 2448 586 2493 docet
602 2467 649 2494 n.
674 2464 781 2497 XLV.
806 2453 912 2495 Haec
931 2453 1027 2496 loco
1047 2453 1224 2497 laudato
1245 2456 1436 2514 Lyserus
1461 2472 1471 2498 ε
1497 2456 1573 2516 qui

52 2531 54 2533 ’
141 2520 244 2581 pag.
280 2523 558 2584 2'071-2076,
590 2526 723 2567 etiam
745 2533 942 2569 veterem
964 2526 1208 2571 editionem
1234 2528 1453 2589 Pamphili
1472 2544 1576 2573 con-

143 2592 230 2649 fert
252 2610 355 2638 cum
385 2593 581 2647 editione
606 2597 863 2642 Goldastina
877 2633 890 2654 ,
917 2602 1097 2662 ejusque
1120 2602 1259 2645 varias
1280 2610 1327 2661 et
1343 2601 1576 2663 plerasque

144 2668 347 2712 meliores
375 2668 585 2714 lectiones
608 2671 812 2726 adnotat,
844 2682 976 2734 atque
997 2676 1193 2735 integra,
1218 2692 1316 2736 quae
1339 2675 1578 2720 Goldastus
1615 2684 1618 2688 '

147 2742 295 2785 omisit
308 2774 321 2795 ‚
356 2742 535 2803 supplet
556 2744 757 2789 disticha.
