1794 3100
415 266 507 311 DE
536 266 590 308 P.
626 262 883 308 OVIDIO
915 258 1208 305 NASONE.

318 360 421 396 Victa
436 357 572 405 pudore
590 355 699 403 gemit
710 381 720 398 ‚
740 354 957 401 patriamque
978 351 1145 398 relinquit
1160 357 1196 386 et
1208 349 1312 385 urbes
1323 375 1332 393 ,

362 421 468 456 Errat
487 426 522 454 et
537 419 574 453 in
590 418 668 453 solis
682 417 885 452 incomitata
901 414 992 451 locis.

317 481 420 516 Luna
434 478 517 516 latet
530 478 649 514 novies
659 504 669 522 ,
686 477 856 522 totiesque
871 474 1041 521 recolligit
1054 474 1171 520 ignem
1188 498 1198 517 ,

366 541 414 577 Et
433 539 575 588 Solyme
596 538 747 585 pretium
765 535 971 583 virginitatis
984 535 1100 570 habet.

320 602 422 637 Mota
443 601 532 636 meis
547 600 631 635 savit
646 599 806 646 precibus
824 597 955 632 Lucina
971 595 1105 642 puellae.

362 662 514 708 Sponte,
542 674 606 696 suo
623 659 791 695 blandum
809 666 967 704 tempore
984 655 1084 692 solvit
1100 668 1199 691 onus.

318 722 471 769 Negligit
487 721 660 757 infantem
675 747 685 765 ,
713 719 894 767 gelidaque
914 719 978 754 suh
996 717 1119 753 arbore
1138 716 1258 762 ponit:

363 783 411 819 Et
427 776 539 830 potuit
554 781 711 828 quemvis
724 781 781 816 ine
796 794 939 816 movere
955 779 1086 815 Deum.

316 844 427 880 Venit
445 844 517 880 ovis
528 870 537 888 ,
555 844 722 889 jussuque
740 855 820 877 meo
835 840 886 876 lac
901 840 1049 887 praebuit
1063 838 1109 873 illi
1125 852 1133 874 z

362 904 548 950 Multaque
565 904 636 939 mel
651 903 752 938 flenti
774 901 1103 948 suppeditavit'apis.

318 965 459 1002 Indolui
474 966 572 1002 laesus
589 978 597 1000 :
612 977 853 1012 puerumque,
873 963 998 998 altricis
1019 968 1183 1008 egentem
1198 987 1207 1004 ,

363 1027 521 1063 Lactanti
535 1053 544 1070 ‚
571 1026 684 1072 patrio
702 1032 812 1060 tactus
831 1037 951 1059 amore
964 1050 974 1068 ,
1001 1022 1094 1058 dedi.

321 1088 428 1129 Forte
444 1087 512 1123 illic
525 1086 689 1135 Phrygiae
704 1093 864 1121 matrona
879 1099 898 1120 e
913 1084 1082 1131 sanguine
1100 1084 1211 1130 gentis

365 1148 476 1184 Enixa
493 1155 546 1183 est
561 1162 570 1190 ;
596 1160 667 1182 una
683 1160 760 1193 quae
777 1146 843 1181 fuit
858 1147 943 1181 orba
959 1145 1027 1180 die.
1040 1161 1053 1178 ιἲ

321 1209 416 1246 Strix
432 1221 583 1255 puerum
598 1209 714 1254 rapuit
732 1221 740 1244 ε
758 1208 945 1253 nutrixque
962 1206 1139 1242 doloribus
1154 1216 1245 1250 aegra

363 1270 553 1318 Supposuit
566 1270 692 1305 foetum
705 1296 715 1314 ,
739 1259 851 1305 matre
867 1270 1012 1315 juvante
1023 1294 1033 1311 ,
1051 1279 1184 1302 meum.

320 1331 471 1367 Deserui
484 1331 687 1379 Nympham
702 1344 710 1366 ε
726 1330 797 1366 visa
812 1336 864 1365 est
878 1328 1024 1375 indigna
1038 1327 1192 1374 parentis

363 1393 517 1428 Nomine
530 1418 540 1437 ,
558 1392 629 1445 visa
645 1404 726 1427 meo
744 1404 816 1426 non
832 1390 912 1426 satis
933 1396 1011 1436 apta
1026 1396 1115 1424 toro.

322 1453 478 1499 Calliope
494 1467 589 1490 sacra
603 1454 762 1500 genitum
774 1451 989 1488 circumtulit
1005 1449 1100 1485 unda
1117 1475 1126 1493 ,

367 1514 415 1550 Et
429 1527 507 1561 quae
521 1515 564 1550 de
583 1521 707 1549 tenero
723 1526 856 1549 nomen
872 1513 1007 1547 Amore
1023 1511 1121 1558 gerit.

322 1577 396 1612 Nec
410 1575 519 1611 semel
537 1575 578 1610 ad
595 1588 702 1610 cunas
718 1575 844 1610 cecinit
861 1573 1053 1622 Cythereia
1069 1579 1202 1614 mater,

365 1637 412 1672 Et
428 1650 539 1684 puero
556 1650 699 1673 somnos
715 1636 912 1672 conciliavit
929 1635 1052 1670 Amor.

319 1698 390 1734 Vix
403 1705 538 1744 septem
555 1697 737 1732 addiderat
750 1690 808 1732 bie*
818 1696 918 1731 denis
933 1695 1112 1731 mensibus
1128 1706 1239 1730 annos
1248 1718 1259 1736 ,

371 1757 497 1804 Quum
513 1758 627 1804 patrio
643 1758 744 1804 coepit
762 1757 895 1806 dulcius
912 1770 972 1791 ore
990 1755 1097 1801 loqui.

324 1820 459 1866 Sponte
474 1833 536 1855 sua
552 1832 670 1854 versus
685 1826 810 1854 tenero
826 1818 981 1854 decurrit
997 1817 1039 1852 ab
1054 1830 1115 1852 ore
1129 1813 1141 1860 ,’

363 1881 422 1916 Ad
437 1894 606 1916 numeros
620 1880 770 1916 veniunt
784 1881 889 1916 verba
906 1880 1008 1927 ligata
1024 1891 1116 1915 suos,

324 1942 373 1978 Et
389 1942 497 1987 calet,
515 1949 551 1978 et
568 1942 689 1988 quovis
703 1942 891 1988 primaevus
907 1941 1061 1987 tangitur
1077 1940 1168 1986 igne.

366 2003 453 2039 Uno
471 2003 538 2038 hoc
554 2002 727 2039 dissimilis
737 2029 748 2048 ,
764 2010 889 2040 caetera
904 2001 1025 2037 matris
1039 2002 1153 2037 habet.

327 2063 412 2099 Plus
426 2063 545 2109 patriae
561 2071 680 2099 tamen
698 2065 780 2100 artis
795 2063 922 2106 habet;
937 2064 1036 2110 vigor
1053 2063 1110 2098 ille
1126 2069 1291 2108 paternus
1301 2089 1311 2107 ,

371 2123 534 2169 Laetaque
552 2127 603 2160 vis
618 2124 736 2170 sandi,
755 2138 830 2160 non
847 2124 1007 2160 habitura
1023 2137 1155 2169 parem.

326 2184 509 2231 Multaque
526 2198 603 2232 quae
618 2186 723 2232 vulgo
739 2199 813 2226 non
832 2186 1014 2233 pervidere
1030 2194 1142 2232 poetae
1151 2214 1162 2231 ‚

371 2246 454 2282 Non
470 2245 536 2281 nisi
551 2246 702 2283 caelestes
718 2247 870 2293 impetus
885 2248 941 2283 ille
957 2249 1057 2294 capit.

329 2306 460 2344 Desine
477 2307 551 2353 jam
566 2307 683 2343 faciles
695 2309 817 2344 mirari
832 2309 870 2344 iu
887 2310 1043 2346 carmine
1060 2317 1193 2355 motus,

373 2369 420 2404 Et
435 2368 536 2405 dulce
552 2369 732 2415 eloquium
743 2397 753 2415 ,
774 2371 947 2418 plenaque
963 2373 1070 2409 verba
1089 2373 1169 2408 Deo
1186 2400 1195 2418 ,

328 2429 588 2477 Ingeniumque
603 2429 689 2475 viri,
706 2443 777 2476 quo
792 2431 843 2466 nil
856 2432 1052 2470 foecundius
1066 2447 1214 2480 usquam
1232 2442 1300 2477 est;
1323 2462 1330 2469 .

369 2491 456 2526 Pars
470 2490 542 2526 caeli
554 2516 564 2535 ,
581 2498 617 2526 et
632 2491 743 2527 nostri
757 2493 934 2539 sanguinis
950 2494 1006 2529 ille
1023 2495 1101 2530 fuit.

326 2551 408 2587 Sola
424 2551 549 2587 venus
565 2553 704 2596 nocuit,
724 2566 791 2589 nec
809 2554 911 2590 amici
931 2554 1078 2591 Caesaris
1092 2554 1143 2590 ira
1160 2568 1169 2591 ι

371 2613 554 2650 Debuerat
569 2615 636 2650 vati
651 2614 771 2650 mitior
785 2629 857 2651 esse
871 2629 946 2651 suo.

327 2675 459 2712 Debuit
472 2684 507 2712 et
523 2676 623 2712 nobis
638 2703 647 2721 ,
676 2678 689 2721 (
702 2676 768 2712 nisi
785 2677 813 2712 si
829 2677 964 2713 diversa
980 2691 1186 2722 movemus;

373 2737 420 2773 Et
436 2745 522 2784 puto
538 2739 609 2783 jam
625 2739 713 2784 coepi
729 2751 802 2774 non
817 2739 910 2774 bona
925 2740 1031 2775 verba
1049 2739 1155 2787 loqui.
1173 2741 1186 2784 )

1440 254 1521 311 341

1468 589 1528 625 155

1470 895 1529 929 ιὸο

1471 1201 1530 1234 165

1476 1816 1536 1858 175

1478 2127 1539 2160 180

1477 2437 1537 2473 185

1481 2758 1545 2791 190
