1794 3100
546 220 635 263 ET
668 218 1174 264 PRAEFATmNEs.
1489 224 1577 285 319

145 334 251 366 nere
281 314 418 365 dicit?
445 313 599 363 Liceat
627 313 762 371 mihi,
795 313 851 362 ad
882 314 1163 364 minuendam
1196 317 1487 382 quorumdam
1524 319 1578 367 de

143 401 322 449 Nasone
344 396 601 464 opinionem
626 395 849 446 sinistram
865 434 877 455 ‚
901 397 1121 446 Joachimi
1139 398 1281 465 ipsius
1303 399 1436 448 verba
1449 439 1460 459 ‚
1481 421 1577 468 quae

144 499 237 531 non
265 478 391 530 facile
422 479 567 546 quivis
602 478 785 528 meliora
813 479 990 537 fecerit,
1023 480 1111 529 huc
1147 481 1410 531 adscribere.
1454 483 1578 547 Quid

145 564 283 627 igitur
299 562 354 612 de
371 563 546 612 Nasone
562 561 668 611 ille?
690 585 711 606 «
731 562 929 611 Primum
945 560 1136 625 ingenii,
1156 563 1327 631 inquit,
1349 576 1469 614 tanta
1489 566 1575 623 vis,

148 668 173 688 >²
197 665 246 695 ac
272 659 361 696 tam
384 645 521 708 agiles
550 657 727 712 tamque
752 644 914 694 celeres
950 657 1128 703 motus,
1154 657 1242 695 tam
1276 659 1484 714 prompta
1515 647 1580 696 fa-

149 752 173 772 »
201 729 344 779 cultas
359 768 373 788 ‚
394 740 518 778 tanta
540 729 720 778 bonitas
737 729 887 777 inbac
905 740 1029 795 parte
1045 740 1212 778 naturae
1227 766 1240 787 ‚
1265 742 1316 778 ut
1338 729 1383 778 in
1401 729 1520 778 facili
1536 744 1581 779 et

147 834 172 855 »
196 811 482 880 extemporali
514 830 671 876 genere
695 811 890 878 quodam
922 810 1036 860 nihil
1066 810 1256 879 reperias
1274 850 1287 870 ‚
1313 832 1405 861 non
1438 812 1577 861 solum

148 918 173 938 »ι
201 896 326 962 quod
357 895 536 962 scriptis
565 894 686 944 illius
715 895 953 962 anteferre,
992 895 1067 944 sed
1089 913 1145 943 ne
1174 893 1376 944 conferre
1401 896 1577 963 quidem

148 1001 172 1021 »
199 979 348 1047 possis
379 998 391 1027 ε
414 977 530 1028 nihil
563 978 610 1027 in
633 977 722 1027 illis
754 977 988 1027 sollicitum
1006 1017 1018 1036 ‚
1044 978 1155 1027 nihil
1182 979 1439 1046 quaesitum,
1465 979 1576 1028 nihil

148 1084 171 1105 »
198 1062 392 1112 anxium.
415 1062 656 1111 Sententiis
679 1063 811 1111 verba
833 1075 1047 1125 urgentur
1061 1101 1073 1118 ‚
1097 1063 1230 1111 verba
1254 1051 1494 1113 sententias
1511 1066 1579 1112 iu-

149 1169 172 1188 »
198 1145 352 1194 citant.
371 1144 506 1195 Nulla
523 1146 674 1212 copia,
701 1145 874 1195 nullum
890 1158 1226 1204 ornamentum,
1248 1145 1369 1194 nulla
1391 1147 1580 1210 insignia

149 1249 172 1269 >›
199 1239 306 1276 sunt
329 1228 548 1277 orationis
565 1266 577 1286 ‚
605 1247 702 1295 quae
732 1248 822 1276 non
848 1229 1107 1291 investigata
1133 1229 1335 1295 quidem,
1371 1241 1448 1278 aut
1471 1248 1580 1277 con-

147 1330 173 1352 »
201 1309 364 1376 quisita
385 1309 553 1359 fuerint
572 1310 628 1359 ab
650 1313 737 1358 hoc
761 1322 892 1377 poeta
909 1350 920 1368 ‚
946 1310 1024 1359 sed
1044 1329 1140 1377 quae
1158 1329 1251 1360 non
1274 1310 1340 1359 illi
1362 1310 1483 1359 ultro
1505 1331 1580 1360 oc—

148 1414 172 1434 »
198 1393 416 1442 cun-erint
446 1405 490 1442 et
513 1393 832 1460 suppetierint;
859 1404 911 1441 ut
931 1393 1020 1458 jam
1051 1393 1304 1460 aliquibus,
1339 1394 1581 1444 fastidiosis

148 1497 172 1517 »
197 1473 366 1524 scilicet
384 1515 395 1534 ‚
414 1475 650 1543 offensioni
668 1475 808 1539 magis
827 1495 959 1543 quam
982 1475 1263 1526 delectationi
1285 1477 1377 1526 haec
1396 1495 1489 1526 esse
1509 1497 1582 1527 so—

148 1580 172 1602 »
198 1556 339 1617 leant,
360 1570 409 1607 et
426 1558 574 1607 dolori
593 1559 777 1617 invidis,
798 1578 852 1608 ex
874 1578 964 1627 quo
984 1559 1249 1608 obtrectatio
1269 1559 1433 1609 alienas
1456 1560 1579 1627 quasi

145 1663 170 1683 »ι
196 1640 372 1691 divitias
394 1642 614 1691 insectans
635 1642 868 1690 nascitur..
891 1679 922 1688 ..
948 1664 970 1683 »

295 1949 598 2001 ANTONII
636 1949 1050 1999 CONSTANTI
1086 1951 1427 2000 FANENSIS

174 2096 233 2131 ΙΝ
261 2095 302 2132 P.
335 2093 531 2131 ovmn
562 2095 816 2133 NASONIS
848 2095 1066 2132 FASTOS
1103 2095 1542 2134 ARGUMENTUM.

209 2233 547 2281 LUCULENTUM
580 2250 695 2298 opus
730 2232 920 2280 Nasonis
946 2271 958 2290 ,
1001 2231 1121 2299 quod
1163 2231 1470 2300 explicandum
1502 2234 1578 2282 ad-

144 2315 412 2383 sumpsimus
427 2355 437 2373 ‚
475 2315 709 2363 Fastorum
744 2314 925 2363 titulum
948 2334 997 2364 ac
1022 2334 1184 2365 nomen
1207 2315 1407 2383 adcepst,
1440 2335 1532 2364 non
1550 2336 1575 2364 a

142 2397 287 2447 Fastis
305 2397 462 2447 diebus
479 2436 490 2457 ,
514 2397 560 2445 id
584 2409 671 2455 est,
690 2396 815 2446 festis
831 2434 843 2455 ,
866 2409 918 2445 ut
935 2397 1065 2446 multi
1084 2399 1225 2448 aetatis
1244 2411 1406 2449 nostrae
1426 2399 1576 2448 homi—

141 2500 221 2530 nes
235 2518 248 2539 ,
271 2492 316 2529 et
338 2480 515 2547 quidem
535 2479 840 2537 eruditissimi,
865 2479 978 2530 falso
999 2481 1271 2530 arbitrantur
1288 2521 1299 2540 ‚
1323 2501 1437 2548 quos
1457 2483 1576 2531 Festi

141 2562 345 2630 Pompeii
368 2562 548 2611 traditio
569 2582 662 2611 non
688 2560 910 2611 intellecta
933 2562 1108 2631 decepit
1129 2585 1138 2612 ε
1158 2564 1235 2612 sed
1255 2583 1280 2611 a
1299 2564 1441 2613 Fastis
1455 2604 1465 2622 ‚
1490 2565 1575 2613 hoc

144 2657 238 2704 est,
262 2645 392 2695 libris
418 2645 677 2704 annalibus,
703 2646 823 2694 unde
854 2665 1057 2707 magnam
1081 2659 1250 2714 partem
1273 2647 1406 2714 hujus
1431 2648 1576 2715 operis

143 2739 392 2794 excerptam
415 2746 528 2784 esse,
551 2740 706 2776 auctor
728 2728 950 2782 ostenditz
982 2740 1057 2787 ut,
1083 2729 1214 2779 Sacra
1231 2749 1480 2797 recognosces
1493 2750 1576 2779 an-
