1794 3100
708 247 870 292 IBIS.
1454 244 1510 287 33

73 343 214 396 Filius
235 355 279 393 et
303 342 475 392 Cereris
496 341 659 390 frustra
684 341 768 390 tibi
794 359 967 408 semper
987 351 1181 399 ametur,

138 421 451 487 Destituatque
476 431 574 468 tuas
593 438 735 486 usque
759 419 925 486 petitus
951 437 1072 485 opes.

77 503 229 568 thue
250 519 330 568 per
351 498 546 548 alternos
569 498 689 546 unda
710 497 886 546 labente
907 516 1112 547 recursus

145 576 433 634 Subtrahitur
452 594 606 643 presso
628 573 775 623 mollis
796 593 924 623 arena
945 574 1074 640 pedi;

80 654 155 704 Sic
177 666 251 703 tua
273 653 423 702 nescio
448 672 539 718 quo
562 670 735 718 semper
758 650 936 699 fortuna
960 650 1177 716 liquescat
1193 688 1206 708 ‚
1443 663 1509 708 425

145 733 380 799 Lapsaque
402 748 482 796 per
501 728 667 777 medias
694 727 843 775 effluat
864 746 1006 792 usque
1027 746 1195 775 manus.

83 813 234 878 thue
254 821 379 877 pater
401 807 540 857 solitae
563 807 703 856 varias
724 818 894 854 mutare
918 805 1102 868 figuras,

149 889 316 938 Plenus
341 886 603 936 inexstincta
622 883 821 933 deliciare
836 883 963 932 fame.

85 970 178 1017 Nec
202 966 328 1034 dapis
349 965 550 1013 humanae
571 963 746 1012 venient
766 961 965 1019 fastidia3
986 981 1161 1029 quaque

89 1107 239 1141 magnus
264 1092 455 1128 Turnebus
485 1091 611 1136 aliique
640 1091 676 1125 in
706 1090 774 1126 hoc

90 1149 178 1184 loco.
204 1148 252 1183 H.
273 1166 320 1185 ,·-
350 1148 477 1191 Quique
497 1151 611 1180 tenent
627 1152 773 1189 pontem.

31 1211 33 1213 '
91 1200 150 1236 Sic
161 1198 315 1234 Martial.
328 1198 385 1233 lib.
399 1198 431 1232 X
442 1224 452 1239 ,
474 1197 592 1243 Epigr.
609 1208 632 1230 v
649 1198 686 1231 in
705 1209 775 1231 ma—

90 1253 244 1289 ledicum
269 1263 278 1284 :
298 1265 315 1280 κ
333 1251 465 1285 Pontes
487 1262 551 1295 per
569 1249 664 1284 urbis
681 1255 776 1284 erret

92 1304 216 1347 exsul,
243 1309 278 1338 et
301 1301 405 1337 clivos
420 1327 430 1345 ,
455 1302 625 1345 Interque
653 1312 776 1336 raucos

93 1357 240 1393 ultimus
267 1363 446 1402 rogatores
469 1381 479 1398 ,
512 1354 604 1389 Oret
635 1354 776 1388 caninas

94 1410 193 1456 panis
210 1409 360 1454 improbi
378 1408 512 1442 buccas.
527 1422 543 1437 υ
563 1405 608 1441 Et
620 1405 778 1440 Juvena-

95 1465 156 1508 tis,
172 1463 246 1499 sat.
260 1463 311 1507 V,
326 1474 456 1508 egenos
470 1461 508 1495 in
520 1459 684 1506 pontibus
696 1472 779 1494 con-

93 1516 210 1553 sidere
234 1514 354 1550 solitos
371 1540 381 1557 ‚
407 1513 546 1549 adserit.
563 1531 606 1539 —-
626 1513 698 1555 Qui
717 1514 784 1546 tibi

95 1565 462 1614 maJ'ore7175Turneb.
474 1565 619 1601 Advers.
635 1564 692 1599 lib.
704 1564 757 1598 IX
768 1590 777 1607 ,

97 1634 172 1667 cap.
188 1624 230 1656 25
241 1646 252 1664 ,
272 1619 456 1654 videbatur
470 1617 659 1653 dicendum
677 1619 782 1661 quiie
804 1629 808 1641 ¹

97 1673 282 1718 majorem?
290 1684 301 1706 ‚¹
313 1670 374 1706 sed
385 1669 555 1716 significat
565 1697 573 1709 .
591 1669 651 1714 qui
664 1668 701 1702 in
712 1668 781 1703 tuis

99 1724 294 1772 majoribus
303 1720 553 1758 numerabitur
564 1720 635 1756 :vel
647 1721 779 1766 potius,

99 1778 162 1826 qui
172 1777 303 1824 judicio
314 1783 392 1820 tuo,
410 1775 446 1810 in
458 1774 649 1820 majoribus
657 1787 783 1810 nume-

99 1832 258 1875 rabitur,
286 1836 321 1865 et
337 1841 443 1874 quem
463 1841 535 1874 prae
558 1836 591 1863 te
612 1840 780 1873 magnum

102 1883 218 1927 dias,
237 1882 396 1928 quamvis
420 1881 494 1916 aliis
516 1880 560 1916 sit
582 1880 726 1916 intimus
748 1886 784 1914 et

102 1935 363 1983 abiectissimus.
382 1934 536 1970 Dassa.

141 1991 226 2034 ‘4210
240 1990 351 2025 Filius
364 1994 400 2023 et
418 1989 557 2023 Cereus.
578 1987 688 2021 Hunc
702 1998 783 2020 om-

107 2054 172 2077 nes
198 2040 315 2077 locum
343 2052 426 2076 meo
454 2038 598 2084 quidem
628 2037 758 2083 judicio
774 2063 783 2080 ‚

107 2093 195 2128 falso
211 2092 488 2137 interpretantur
497 2117 507 2135 ‚
519 2103 630 2136 quum
646 2089 690 2124 de
703 2089 788 2124 Tri-

108 2145 264 2193 ptolemo
281 2171 292 2190 ,
319 2153 380 2181 aut
409 2145 548 2183 Asterie
576 2143 787 2190 intelligunt.

111 2198 258 2235 Plutum
286 2197 382 2232 euim
409 2196 571 2242 intelligit
586 2222 596 2240 ,
623 2196 721 2240 cuius
751 2196 789 2230 in

111 2250 320 2296 Theogonia
338 2247 516 2284 Hesiodus
532 2248 623 2284 hanc
637 2248 790 2283 fabulam

110 2303 234 2340 refert.
246 2301 342 2338 Cum
356 2301 470 2344 Jasio,
482 2300 519 2335 in
533 2301 664 2346 templo
673 2328 683 2346 ,
696 2301 791 2347 quod

110 2357 179 2392 snit
190 2357 231 2395 iu
237 2354 374 2400 Tripoli
386 2353 504 2388 Crete
513 2353 670 2397 civitate,
681 2354 793 2389 Ceres

109 2407 302 2444 concubuit
322 2419 331 2441 ε
349 2419 391 2442 ex
411 2405 537 2451 quibus
556 2405 680 2440 Plutus
692 2412 794 2440 natus

111 2449 183 2503 est]
200 2459 261 2504 qui
276 2460 446 2503 opulentia
462 2456 725 2502 interpretatur.
735 2456 796 2491 Di-

113 2525 196 2555 ves,
222 2511 422 2556 quicunque
442 2509 537 2544 hunc
558 2508 674 2543 adibat
687 2534 696 2551 ,
721 2508 798 2543 effi-

114 2563 281 2600 ciebatur.
298 2562 385 2600 Ideo
395 2574 491 2599 nunc
507 2568 609 2607 poeta
625 2560 798 2605 impreca-

117 2624 176 2652 tm·
191 2614 390 2650 mendicam
411 2614 447 2648 in
468 2613 651 2649 inimicum
672 2613 811 2648 vitam:

117 2675 154 2704 et
169 2668 266 2714 quod
279 2668 306 2703 si
321 2667 413 2703 forte
427 2666 571 2703 Plutum
589 2667 721 2709 adiret,
736 2680 801 2701 cu·-

118 2721 171 2767 pit
187 2728 227 2756 ut
242 2720 285 2755 ab
301 2732 345 2755 eo
357 2727 547 2765 spernatur
562 2745 571 2764 ,
593 2719 650 2755 cui
667 2727 701 2755 et
718 2719 800 2754 odio

118 2773 173 2809 sit.
195 2773 287 2807 ΖΑΒ.

254 2827 405 2887 VIII⁴

882 1093 956 1135 422.
978 1091 1092 1136 Usque
1107 1094 1245 1135 petilus.
1270 1093 1360 1136 Saepe
1381 1092 1520 1128 Sarrav.

840 1151 876 1179 et
901 1144 974 1178 duo
999 1144 1065 1178 alii.
1092 1144 1260 1179 Heinsius
1287 1145 1494 1192 conjiciebat
1511 1173 1520 1190 ‚

841 1197 1079 1242 Destituatque
1096 1209 1160 1232 sua
1183 1210 1268 1242 soepe
1282 1202 1411 1243 petims
1432 1212 1494 1244 ope
1508 1227 1516 1239 ‚

842 1247 916 1291 vel,
937 1262 1034 1283 suam
1050 1262 1154 1293 opem.

887 1294 961 1343 4¹14*-
987 1301 1108 1335 Mollis
1130 1314 1235 1335 arena
1255 1304 1352 1345 pede.
1378 1304 1467 1337 Pedi
1485 1316 1526 1338 ex

842 1353 1055 1388 melioribus.
1077 1354 1211 1389 Hssms.

887 1407 963 1449 425.
978 1406 1035 1440 Sic
1054 1412 1115 1440 tua
1138 1410 1252 1442 nescio
1277 1421 1355 1453 qua.
1385 1410 1460 1452 Quo
1485 1422 1527 1444 ex

842 1456 979 1492 iisdem.
998 1458 1134 1493 Hmus.

886 1510 962 1555 427.
975 1510 1082 1554 thue
1085 1516 1196 1554 pater.
1209 1510 1447 1555 Erisichthon,
1457 1525 1529 1548 suc-

844 1562 911 1597 cisa
934 1576 1065 1608 quercu
1084 1589 1093 1607 ‚
1115 1563 1304 1611 Dryadum
1327 1564 1487 1610 precibus
1510 1580 1528 1600 a

847 1616 980 1652 Cerere
1000 1617 1087 1651 irata
1106 1624 1202 1652 tanta
1223 1617 1317 1653 same
1339 1619 1531 1664 torqueba-

847 1677 904 1717 tur
916 1696 926 1713 ‚
948 1677 987 1705 ut
1001 1677 1142 1705 coactus
1157 1671 1201 1705 sit
1220 1671 1374 1706 vendere
1396 1671 1504 1706 filiam
1520 1699 1530 1715 ,

846 1721 1029 1769 Dryopida
1051 1734 1060 1756 2
1085 1722 1139 1756 vel
1164 1729 1202 1758 ut
1227 1723 1281 1757 alii
1302 1723 1426 1757 volunt
1445 1725 1530 1757 Me-

847 1780 963 1809 slram.
981 1774 1139 1810 Vendita
1160 1774 1268 1810 modo
1290 1789 1354 1821 pro
1371 1777 1526 1822 virgine,

848 1828 956 1862 modo
979 1841 1044 1874 pro
1067 1829 1140 1863 aliis
1159 1828 1415 1873 animantibus,
1441 1831 1532 1875 patri

848 1881 1014 1915 alimenta
1041 1881 1102 1915 diu
1131 1882 1407 1917 subministravit
1434 1897 1441 1917 :
1469 1883 1530 1918 sed

848 1933 993 1968 tandem
1031 1940 1170 1969 coactus
1197 1941 1248 1968 est
1277 1935 1384 1969 miser
1413 1947 1533 1970 morsu

849 1987 1009 2032 proprios
1026 1993 1120 2021 artus
1136 1987 1299 2022 lacerare.

896 2040 971 2083 428.
1001 2041 1195 2085 Corficiare.
1219 2042 1416 2075 Destituare
1433 2055 1536 2076 non-

852 2091 940 2127 nulli
956 2105 963 2132 ;
979 2093 1135 2136 deficiat-e
1143 2092 1251 2127 codex
1263 2094 1380 2129 Jureti
1394 2120 1403 2136 ,
1420 2095 1533 2135 bene;

853 2144 932 2179 vide
950 2145 1058 2179 Notas
1073 2144 1182 2189 Epist.
1197 2146 1243 2188 V,
1266 2160 1313 2180 vs.
1334 2149 1405 2181 150.
1422 2147 1469 2181 H.

900 2198 975 2244 429.
1001 2198 1073 2231 Nec
1094 2200 1194 2242 dapis
1212 2199 1374 2233 humane.
1393 2199 1538 2246 Tydeus

858 2249 968 2284 OEnei
980 2249 1069 2294 regis
1080 2248 1172 2284 filius
1180 2261 1192 2292 ·,
1208 2250 1282 2294 vel,
1300 2258 1339 2286 ut
1353 2252 1426 2294 alii,
1444 2252 1540 2286 Mar·

856 2301 899 2336 tis
921 2308 957 2336 et
975 2300 1111 2337 Altheae
1127 2328 1136 2345 ‚
1163 2301 1200 2336 in
1222 2302 1313 2338 bello
1329 2304 1502 2338 Thebano
1522 2318 1542 2338 a

859 2353 1066 2399 Menalippo
1086 2352 1204 2388 lethali
1223 2355 1369 2389 vulnere
1397 2368 1541 2400 percus-

858 2418 916 2440 sus
932 2412 985 2440 est
1000 2419 1009 2440 z
1026 2406 1259 2441 moribundus
1276 2407 1420 2454 Tydeus
1432 2434 1442 2452 ,
1460 2407 1543 2442 Me-

861 2457 991 2503 nalippi
1014 2465 1117 2503 caput
1138 2458 1180 2492 ad
1206 2472 1241 2492 se
1270 2459 1402 2494 deferri
1423 2461 1545 2506 jussit:

863 2510 956 2555 quod
974 2509 1160 2555 Capaneus
1178 2524 1197 2544 e
1218 2511 1362 2557 vestigio
1381 2512 1418 2547 in
1442 2513 1547 2558 ipsius

864 2561 979 2608 Tydei
1008 2569 1235 2606 conspectum
1263 2564 1415 2609 portavit
1438 2577 1446 2599 :
1476 2577 1547 2610 quo

866 2614 939 2648 viso
950 2614 1083 2648 laetatus
1093 2614 1255 2661 Tydeus,
1268 2617 1453 2651 cerebrum
1466 2616 1550 2651 den-

866 2666 958 2701 tibus
974 2667 1122 2702 corrosit
1136 2694 1145 2711 ‚
1169 2675 1208 2702 ut
1226 2668 1359 2703 Statius
1374 2669 1411 2703 in
1428 2676 1551 2705 octavo

869 2717 1070 2753 Thebaidos
1084 2719 1212 2755 scribit.
1223 2720 1362 2754 ZAR.--
1370 2723 1451 2756 Tibi
1459 2729 1556 2756 crunt

860 2769 1024 2813 fastidia.
1049 2772 1130 2806 Tibi
1144 2776 1216 2807 sint
1239 2773 1354 2808 Juret.
1379 2781 1414 2809 et
1438 2774 1551 2820 quin-

1297 2844 1322 2884 3
