1794 3100
273 224 362 280 544
735 224 1229 270 mssssRTA‘rlo

270 327 429 368 vocant,
450 318 602 360 eradere
623 333 702 358 non
718 327 893 370 potuerat
909 348 920 368 ‚
942 320 1002 360 vel
1018 320 1230 374 neglexerat
1254 335 1267 358 .·
1290 320 1377 359 dum
1398 320 1466 361 illo
1485 320 1687 363 usus‘ins-

268 396 462 429 trumento
477 388 680 428 conabatur
694 398 846 430 ΝΑΣΩΝ
861 389 1021 429 formare
1036 419 1047 439 ‚
1068 404 1112 429 ex
1131 398 1234 443 parte
1254 390 1418 431 nominis
1439 401 1686 435 ΚΑΙΣΑΡΕΩΝ

271 474 355 512 quae
373 459 613 499 solummodo
639 460 839 499 monetarii
859 460 988 510 culpa,
1012 475 1079 500 seu
1102 460 1329 515 negligentia
1342 489 1353 510 ‚
1375 461 1417 500 in
1430 462 1515 516 ipso
1530 478 1686 504 nummo

269 543 445 580 percussa
465 529 638 580 primitus
662 537 740 568 erat
761 539 786 567 ¹.
811 531 870 569 Ex
892 530 1167 581 posterioribus
1195 530 1362 571 nimium.
1378 531 1485 572 istius
1515 533 1687 575 vocabuli

269 599 404 639 litteris
425 628 436 648 ‚
460 609 632 640 ΣΑΡΕΩΝ
646 629 657 649 ,
680 601 778 640 haud
798 600 947 640 difficile
962 601 1066 642 vafro
1085 601 1230 641 artificii
1249 602 1320 642 fuit
1339 612 1490 645 ΝΑΣΩΝ
1510 605 1686 656 scalpere.

273 671 418 710 Dolum
431 679 473 710 ut
483 670 635 725 longius
656 685 876 724 prosequar,
898 684 1024 722 operae
1043 673 1207 722 pretium
1226 687 1304 712 non
1324 681 1403 722 est,
1422 690 1539 728 quum
1554 675 1687 715 melius

275 741 436 781 eundem
461 741 581 791 possit
605 742 746 781 Lector
780 742 1020 796 intelligere,
1050 756 1094 781 ex
1124 742 1287 783 Nummi
1306 744 1554 785 delineatione
1574 775 1586 795 ‚
1629 745 1688 785 his

276 811 423 864 praefixa
437 840 448 859 ‚
467 819 505 850 et
520 812 641 851 multo
658 811 810 866 quidem
826 813 1055 852 accuratiore
1066 841 1077 862 ,
1096 827 1204 866 quam
1219 813 1281 854 illa
1295 842 1307 863 ‚
1323 816 1396 868 jam
1411 815 1551 855 dudum
1564 829 1585 855 a
1599 815 1688 857 viris

274 880 536 920 illustrissimis
559 881 758 936 divulgata.

333 952 409 990 ΙΙΙ.
439 952 568 1004 Itaque
588 952 647 992 vel
670 951 760 990 hinc
781 952 899 1003 palam
923 953 966 991 fit
982 981 994 1001 ‚
1025 968 1070 993 eo
1096 954 1136 992 in
1158 954 1323 994 Nummo
1351 956 1446 995 nihil
1473 956 1572 997 aliud
1595 969 1690 1010 sup-

276 1021 455 1073 plendum
474 1030 511 1060 et
528 1022 730 1076 legendum
744 1051 755 1071 ‚
781 1037 890 1076 quam
911 1024 1014 1076 quod
1034 1024 1075 1062 in
1098 1024 1171 1064 alio
1191 1026 1357 1079 ejusdem
1376 1026 1522 1080 generis
1555 1034 1593 1066 at
1627 1026 1688 1065 in-

276 1093 481 1146 tegerrimo
503 1093 737 1147 conspicitur
754 1122 764 1141 ‚
797 1108 912 1144 penes
939 1094 1232 1134 illustrissimum
1258 1097 1434 1136 comitem
1463 1095 1691 1151 Pembmkz'ae

277 1179 360 1203 cum
380 1164 460 1204 aliis
483 1165 764 1218 quamplurimis
791 1173 828 1203 et
856 1164 1049 1206 rarissimis
1066 1194 1077 1214 ‚
1104 1180 1288 1220 quemque
1319 1168 1382 1207 hic
1407 1169 1516 1207 etiam
1546 1182 1690 1222 reprae—

276 1243 475 1274 sentamus.
502 1237 548 1274 In
570 1235 680 1289 hujus
697 1249 831 1289 nempe
850 1235 967 1286 prima
988 1236 1079 1275 facie
1101 1236 1385 1291 elegantissimis
1404 1237 1538 1286 litteris
1551 1266 1563 1286 ‚
1582 1238 1639 1289 nti
1653 1245 1691 1277 et

277 1305 582 1352 evidentissimis,
603 1306 740 1361 legitur
764 1322 772 1344 :
796 1315 1005 1347 ΟΥΗΙΔΙΟΣ
1028 1316 1301 1357 ΚΑΙΣΑΡΕΩΝ,
1325 1308 1468 1348 circum
1485 1315 1597 1362 caput
1613 1310 1692 1347 im-

277 1375 402 1424 herbe,
423 1383 460 1414 at
475 1375 579 1428 quod
594 1378 763 1430 aerugine
785 1377 838 1416 sic
862 1386 918 1417 est
940 1377 1158 1425 inductum,
1182 1386 1225 1417 ut
1243 1378 1367 1418 vultus
1393 1379 1491 1417 haud
1507 1386 1612 1417 certo
1637 1378 1695 1418 di·-

278 1446 413 1499 gnosci
430 1446 551 1496 possit
562 1475 575 1495 ‚
595 1447 737 1486 etiamsi
753 1461 921 1486 censeam
936 1462 1022 1486 eum
1034 1448 1192 1487 omnino
1207 1462 1287 1488 esse
1299 1449 1471 1500 Augusti.
1492 1448 1556 1489 Ah
1567 1453 1693 1490 aversa

280 1514 413 1554 deinde
424 1523 526 1566 parte
540 1515 696 1555 habetur
705 1524 816 1570 caput
823 1517 1016 1556 barbatum
1025 1547 1038 1565 ,
1056 1526 1094 1556 et
1103 1517 1307 1558 laureatum
1318 1547 1329 1567 ‚
1342 1526 1522 1572 quantum
1530 1519 1620 1559 licet
1626 1532 1692 1571 per

279 1586 434 1625 eandem
452 1586 658 1640 aeruginem
677 1586 860 1641 judicare,
878 1595 988 1639 atque
1004 1587 1096 1627 adeo
1114 1588 1311 1641 ipsiusmet
1327 1588 1433 1628 Joois
1444 1617 1457 1636 ,
1484 1588 1551 1628 hac
1573 1589 1695 1643 signa-

281 1663 360 1694 tum
384 1656 597 1710 Epigraphe
615 1671 625 1694 z
650 1664 922 1697 ΜΕΝΑΝΔΡΟΣ
946 1665 1212 1706 ΠΑΡΡΑΣΙΟΥ,
1232 1657 1270 1696 id
1291 1666 1348 1698 est
1364 1659 1578 1698 Menander
1595 1659 1695 1699 Par-

283 1725 544 1776 rhasiifilz'us,
571 1740 652 1766 non
674 1740 786 1776 vero,
822 1734 864 1765 ut
894 1727 1132 1767 doctissimus
1161 1727 1408 1778 spanhemius
1430 1727 1625 1781 supplebat
1657 1738 1695 1768 et

280 1797 596 1848 interpretabatur
612 1827 623 1845 ‚
646 1798 856 1837 Menandri
874 1798 1085 1838 Parrhasii.

332 1868 404 1908 IV.
433 1870 549 1917 Hunc
567 1875 691 1907 autem
710 1869 918 1907 Nummum
933 1876 1037 1907 antea
1057 1868 1272 1918 possidebat
1289 1869 1349 1908 Cl.
1366 1870 1457 1909 Joh.
1472 1869 1668 1921 Langhton
1678 1900 1691 1918 ‚

282 1938 379 1989 apud
402 1953 512 1991 quem
532 1953 618 1977 eum
641 1938 733 1978 olim
752 1938 1039 1989 descripseram3
1070 1938 1245 1992 idemque
1265 1940 1426 1990 proinde
1447 1948 1505 1979 est
1520 1969 1532 1988 ‚
1555 1942 1573 1990 (
1592 1940 1696 1994 quod
1760 1960 1763 1963 ·

284 2008 513 2048 dissimulare
530 2009 623 2048 nolo
635 2038 647 2057 ‚
668 2023 738 2048 nec
760 2008 909 2059 debeo)
928 2023 1038 2063 quem
1058 2010 1221 2062 protuli,
1243 2017 1286 2049 ut
1300 2010 1366 2063 qui
1380 2011 1531 2050 Litteris
1538 2009 1695 2062 flagren-

283 2079 379 2116 tibus
402 2092 543 2117 nomen
565 2092 718 2131 quoque
739 2078 928 2117 Pollionis
953 2079 1117 2118 haberet.
1149 2081 1297 2119 Verum
1325 2079 1366 2118 in
1398 2080 1500 2120 hunc
1529 2094 1695 2121 errorem

282 2148 423 2187 sueram
453 2148 629 2187 inductus
647 2176 658 2196 ‚
685 2149 788 2201 quod
815 2149 933 2188 vitam
970 2149 1095 2188 Ovidii
1107 2178 1119 2196 ‚
1151 2149 1295 2203 aliquot
1324 2158 1412 2200 post
1438 2149 1570 2199 annis,
1596 2150 1695 2189 deli-

285 2233 398 2257 neans
417 2247 427 2267 ‚
450 2218 491 2257 in
510 2220 601 2258 meis
621 2218 821 2269 reperirem
839 2219 985 2259 schedis
997 2226 1138 2273 puncta
1153 2220 1252 2260 inter
1267 2234 1402 2268 voces,
1428 2229 1637 2261 ΟΥΗΙΔΙΟΣ
1655 2236 1697 2260 ac

286 2298 536 2330 ΚΑΙΣΑΡΕΩΝ
550 2289 724 2328 adnotata
735 2318 745 2337 ‚
763 2305 848 2342 quae
864 2298 954 2328 tunc
970 2290 1187 2329 festinanter
1202 2289 1312 2329 nimis
1327 2289 1493 2329 scribens
1507 2289 1696 2339 intellexi,

285 2373 326 2397 ac
349 2360 378 2398 si
401 2359 654 2412 significarent
669 2388 680 2406 ‚
704 2359 789 2398 alias
814 2359 1027 2399 interfuisse
1052 2360 1192 2399 litteras
1207 2389 1220 2408 ‚
1250 2375 1334 2413 quae.
1356 2360 1453 2399 haud
1475 2360 1571 2400 clare
1593 2361 1700 2415 lege—

286 2437 417 2468 rentur
435 2445 444 2476 3
467 2444 582 2481 quum
602 2437 726 2468 tamen
739 2431 817 2479 ipsa
829 2429 954 2469 forent
970 2438 1072 2469 extra
1092 2429 1312 2484 epigraphes
1329 2430 1510 2470 circulum
1532 2431 1673 2484 signata
1686 2459 1696 2478 ‚

332 2586 341 2604 ¹
367 2585 423 2619 Sic
444 2592 478 2619 et
496 2585 536 2619 ab
555 2584 662 2619 altera
682 2585 820 2619 nummi
838 2591 954 2629 parte,
976 2584 1124 2619 eandem
1142 2585 1186 2619 ob
1201 2597 1339 2620 eausam
1353 2612 1362 2629 ,
1382 2585 1435 2620 hae
1456 2591 1592 2619 tantum
1611 2582 1702 2618 exhi-

286 2644 416 2678 bentur
433 2644 554 2679 litterae
571 2659 579 2679 ι
596 2650 911 2681 ΜΕΝΑ--ΑΣΙΟΥ
922 2672 931 2688 ,
953 2657 1027 2690 quae
1043 2658 1119 2690 pars
1135 2651 1217 2679 sunt
1231 2645 1444 2691 integrarum
1457 2656 1580 2680 vocum
1595 2669 1604 2687 ,
1623 2649 1699 2680 ΜΕ-

285 2711 468 2742 ΝΛΝΔΡΟΣ
489 2712 712 2743 ΠΑΡΡΑΣῙΟΥ.
