1794 3100
574 241 702 285 PER
735 232 779 284 t.
816 238 1132 284 MASSON.
1487 244 1569 304 159

133 335 254 404 744,
281 314 547 402 (ΣΙθυᾙίἱφιε
578 334 773 402 primum
804 334 1031 393 scribens,
1055 332 1136 383 lib.
1170 335 1280 393 LX,
1310 353 1412 401 pag.
1447 335 1572 404 667:

134 434 157 455 «
185 412 283 460 Hos
306 410 503 461 honores
524 411 787 478 parentibus
810 412 902 460 suis
922 411 1149 469 tribuens,
1168 409 1264 478 ipse
1282 409 1394 458 nihil
1412 425 1577 478 praeter

133 510 156 532 »
182 489 363 537 nomina
387 489 563 557 imperii
589 489 776 556 accepit.
810 488 924 553 Quae
948 489 1063 537 enim
1087 487 1309 555 equestria
1341 490 1576 538 certamina

134 587 159 610 >›
189 566 280 616 kal.
304 567 501 632 Augusti
525 568 634 635 (qui
652 580 719 617 est
735 567 895 616 natalis
915 566 1118 632 Claudii)
1143 566 1423 625 exhibentur,
1441 567 1573 623 insti-

139 665 164 687 »
193 656 290 694 tuta
313 658 420 695 sunt
440 658 699 714 propterea,
725 646 847 713 quod
872 666 922 695 ea
954 646 1023 695 die
1055 647 1245 694 MARTIS
1276 645 1389 694 aedes
1417 664 1576 694 conse-

133 743 157 764 »
184 733 305 771 crata
337 722 439 772 fuit.
474 745 497 767 »
539 725 607 772 Ex
637 743 726 790 quo
766 722 867 771 loco
900 722 1148 771 Bucherius
1183 721 1392 780 deducit,
1428 739 1577 770 revera

128 799 286 858 Martis
307 801 522 869 templum
547 802 634 850 kal.
658 803 779 868 Aug.
806 821 876 850 an.
898 803 957 850 U.
979 802 1030 850 C.
1055 800 1173 867 752,
1199 800 1444 849 dedicatum
1465 819 1573 850 esse.

127 880 192 928 At
215 899 353 947 quum
391 881 636 930 historicus
676 880 751 930 ille
789 879 974 929 omnino
999 879 1081 928 hac
1104 878 1150 949 in
1176 890 1303 945 parte
1327 878 1582 928 adversetur

135 957 288 1013 Ouidio
311 972 356 1008 et
375 959 616 1009 kalendan'o
632 1000 644 1019 ‚
674 959 839 1027 quibus
861 957 1178 1025 locupletiores
1202 958 1284 1006 hac
1308 958 1355 1006 in
1373 977 1419 1006 re
1446 970 1579 1007 testes

131 1035 372 1086 desiderari
389 1046 646 1104 nequeunt,
668 1038 770 1087 ideo
792 1037 934 1086 dicere
947 1035 1097 1084 malim
1110 1073 1122 1094 ‚
1142 1034 1211 1083 vel
1229 1035 1411 1084 Dionem
1430 1035 1579 1103 ipsum

129 1115 266 1169 fuisse
286 1115 606 1166 hallucinatum
620 1154 632 1175 ‚
658 1116 728 1165 vel
750 1116 900 1184 potius
924 1114 1133 1164 mendum
1150 1115 1195 1162 in
1217 1114 1312 1180 ejus
1333 1115 1481 1163 verbis
1500 1135 1578 1164 cu-

130 1192 235 1241 bare
251 1231 263 1251 ‚
285 1212 335 1242 ac
356 1192 458 1242 loco
482 1195 606 1243 vocis
628 1195 787 1242 Martis
805 1193 1114 1261 reponendum
1133 1211 1228 1241 esse
1245 1192 1442 1240 numinis
1465 1192 1579 1242 alius

129 1289 310 1319 nomen.
335 1271 542 1321 Profecto
566 1273 612 1325 in
636 1272 724 1322 alio
745 1273 910 1321 veteris
933 1271 1172 1319 kalendarii
1200 1269 1433 1333 fragment.
1462 1271 1581 1338 apud

125 1347 301 1397 Gruter.
341 1368 442 1416 pag.
483 1349 601 1412 134¹,
630 1351 686 1400 ad
721 1349 810 1399 kal.
849 1351 1071 1399 AUGUSTI
1107 1348 1330 1412 legimus:
1359 1348 1485 1396 SPEI.
1513 1362 1578 1397 AD

131 1439 301 1475 FORVM
325 1429 644 1478 HOLITORIVM
668 1442 835 1477 NATAL.
860 1442 922 1477 TI.
950 1429 1156 1477 CLAVDII
1180 1427 1474 1475 GERMANICI.

197 1506 268 1553 Ex
293 1506 424 1556 dictis
448 1507 587 1571 igitur
607 1506 721 1557 clare
746 1508 853 1557 satis
880 1519 1027 1575 patet,
1053 1509 1206 1556 Artem
1230 1505 1494 1556 Amatoriam
1521 1504 1577 1553 ab

132 1584 297 1633 Ovidio
320 1586 458 1636 fuisse
482 1587 665 1645 editam,
692 1586 862 1654 templo
880 1585 1061 1653 quidem
1084 1584 1246 1635 Martis
1267 1584 1356 1650 jam
1379 1586 1577 1632 Nauma-

133 1661 232 1711 chia
249 1661 436 1730 aliisque
458 1664 721 1731 spectaculis
747 1664 949 1714 dedicato
962 1701 974 1722 ‚
1002 1682 1079 1712 seu
1095 1673 1203 1730 post
1217 1675 1269 1710 IV
1287 1662 1407 1709 IDUS
1419 1661 1579 1709 MAIAS

129 1739 265 1806 hujus
287 1742 420 1800 anni,
447 1742 523 1790 sed
549 1755 651 1791 ante
677 1742 808 1791 Juliae
831 1741 1146 1806 relegationem
1175 1747 1205 1799 ¹,
1230 1760 1280 1789 ac
1305 1740 1578 1807 Septembris

129 1817 277 1868 finem.
303 1821 417 1884 Quae
443 1820 659 1869 sententia
678 1821 938 1886 jamdudum
961 1819 1233 1868 doctissimis
1258 1818 1427 1887 placuit
1450 1819 1576 1876 viris,

131 1913 248 1961 quos
275 1895 392 1944 inter
415 1896 652 1963 Keplerum
676 1896 828 1945 laudat
849 1894 1180 1945 illustrissimus
1200 1894 1407 1944 Norisius
1431 1902 1448 1920 ²
1464 1933 1476 1953 ‚
1501 1895 1579 1962 qui

132 1985 176 2021 et
196 1974 392 2023 eamdem
424 1995 505 2025 suo
546 1976 716 2025 calculo
753 1975 920 2043 probat
945 1995 955 2023 :
986 1998 1007 2017 «
1034 1977 1126 2023 Eos
1156 1994 1259 2023 vero
1282 2013 1293 2032 ‚
1321 1975 1407 2034 ait,
1433 1974 1576 2023 libros

134 2076 158 2096 »
189 2053 348 2119 (Artis
366 2055 591 2117 Amandi)
615 2067 717 2104 ante
741 2056 991 2103 damnatam
1010 2053 1175 2102 Juliam
1196 2054 1389 2121 scriptos
1415 2055 1576 2122 opina-

137 2156 160 2176 »
187 2145 285 2191 tur,
313 2133 604 2201 (Keplerus)
630 2135 751 2202 quod
775 2135 986 2198 Augusto
1009 2132 1223 2183 adulteris
1248 2134 1419 2197 ingenti
1454 2154 1577 2184 seve-

137 2234 159 2254 »
186 2211 316 2260 ritate
340 2230 494 2279 poenas
516 2212 741 2276 irrogante
757 2250 768 2270 ‚
792 2213 1051 2279 neutiquam
1084 2225 1218 2279 poeta
1250 2231 1384 2261 ausus
1420 2212 1578 2262 fuisset

134 2314 158 2335 »
187 2289 399 2359 adulteria
426 2310 476 2340 ac
500 2292 775 2358 promiscuos
792 2291 1073 2340 soeminarum
1093 2311 1265 2340 amores
1287 2312 1381 2340 non
1400 2304 1573 2340 tantum

135 2392 158 2413 »
187 2369 390 2427 laudare,
411 2389 563 2418 verum
583 2370 713 2419 etiam
735 2370 988 2437 praecipere.
1014 2373 1116 2419 Non
1143 2371 1293 2437 rejicio
1309 2410 1320 2428 ‚
1346 2372 1578 2437 subjungit

139 2470 160 2491 »
188 2448 581 2497 Eminentissimus
610 2447 677 2496 vir
701 2485 712 2505 ‚
750 2447 1033 2514 probabilem
1063 2449 1376 2514 conjecturam.
1414 2472 1435 2492 »
1464 2451 1578 2499 Nam

178 2585 189 2604 ¹
216 2583 305 2618 Eam
322 2590 403 2619 ante
419 2583 524 2629 hujus
541 2583 623 2618 anni
643 2583 776 2618 exitum
795 2582 924 2618 factam
941 2581 1007 2618 alio
1022 2583 1146 2628 probat
1164 2591 1373 2629 argumento
1392 2582 1447 2619 Cl.
1468 2584 1576 2619 Nori·

133 2637 221 2684 slus,
245 2641 288 2675 de
306 2639 434 2676 Cenon.
452 2641 568 2677 Pisan.
590 2653 666 2687 pag.
687 2641 770 2684 183,
796 2653 905 2685 quem
922 2647 957 2675 et
972 2652 1036 2674 nos
1050 2640 1159 2675 secuti
1176 2653 1297 2676 sumus
1313 2667 1322 2685 ‚
1341 2641 1425 2676 Jani
1437 2640 1576 2686 Templ.

135 2695 257 2731 Reser.
272 2709 348 2742 pag.
362 2696 437 2731 328.

177 2760 193 2779 ²
216 2758 272 2795 De
290 2757 419 2795 Cenot.
437 2759 505 2794 Pis.
522 2772 597 2805 pag.
620 2760 691 2795 188.
