1794 3100
585 246 711 290 PER
744 247 787 289 J.
824 244 1136 289 MASSON.
1484 245 1563 287 105

149 340 257 391 Caio
288 350 335 388 et
366 338 506 388 Lucio
542 337 790 387 Caesaribus
824 337 1016 386 eamdem
1053 349 1200 401 togam
1237 335 1385 394 dedit,
1410 334 1572 402 aliique

146 429 304 486 postea
326 427 604 472 sumserunt3
629 416 695 463 uti
729 416 783 463 cl.
809 414 1028 466 Dodwell.
1054 421 1064 440 ¹
1083 425 1189 481 post
1211 412 1320 462 alios
1348 424 1463 461 recte
1491 413 1571 461 do-

147 495 251 544 cuit.
278 494 402 559 Quin
429 493 557 541 etiam
578 491 856 541 doctissimus
881 492 1094 541 Octavius
1116 491 1340 540 Ferrarius
1366 496 1382 514 ²
1398 528 1410 548 ‚
1433 490 1509 556 qui
1534 502 1576 538 et

148 572 325 621 initium
357 570 412 619 15
433 571 538 619 anni
562 569 782 619 sumendae
799 589 882 636 pro
900 589 1023 618 more
1045 582 1157 632 togae
1180 569 1330 618 liberae
1345 567 1575 631 adsignat,

150 651 370 701 existimat
385 669 485 699 cum
497 649 726 707 Manutio,
743 649 997 712 Augustum
1012 687 1023 707 ‚
1042 649 1266 697 Ciceronis
1290 649 1394 697 item
1411 646 1551 696 filium
1566 678 1593 706 ,ι

149 741 194 779 et
215 728 325 778 alios
349 728 489 777 serius
513 727 560 775 id
584 727 724 790 egisse
745 726 883 790 magis
905 727 961 775 ab
984 726 1066 775 alia
1091 746 1222 775 causa
1240 764 1251 785 ,
1282 746 1413 793 quam
1434 744 1459 773 a
1481 724 1578 788 lege

147 819 226 856 aut
245 825 379 856 more.
406 807 554 870 Quem
577 824 744 854 morem
769 805 806 853 si
828 805 1019 854 Nasonis
1041 804 1183 854 nostri
1205 816 1409 871 parentes
1441 803 1580 852 secuti

150 885 340 944 fuerint,
370 896 614 952 potuerunt
636 883 758 932 hisce
780 883 1039 933 consulibus
1053 921 1065 941 ‚
1088 895 1131 932 et
1154 882 1332 950 quidem
1357 882 1426 930 die
1449 901 1579 948 supe-

148 963 242 1012 rius
261 975 415 1013 notato
435 1001 448 1022 ‚
474 962 706 1012 liberalibus
726 981 908 1029 nempe,
935 961 1074 1011 filium
1107 961 1189 1010 hac
1227 959 1342 1009 virili
1375 973 1480 1024 toga
1512 959 1579 1006 in-

150 1041 310 1096 duere,
338 1060 472 1108 quum
498 1041 592 1107 ejus
624 1039 678 1089 15
703 1059 844 1090 annus
865 1052 980 1090 esset
1002 1041 1049 1088 in
1072 1040 1204 1088 exitu.

215 1118 275 1166 II.
311 1119 364 1166 In
389 1117 544 1184 primis
574 1136 709 1183 porro
741 1117 860 1166 venit
891 1116 1216 1166 observandum
1234 1153 1245 1174 ‚
1282 1115 1404 1182 quod
1425 1126 1578 1163 noster

149 1193 359 1261 praedicta
380 1195 513 1243 Trist.
553 1193 631 1243 lib.
659 1195 738 1252 IV,
765 1194 832 1242 El.
859 1209 914 1253 X,
943 1195 995 1244 de
1026 1195 1110 1243 lato
1139 1195 1250 1243 clavo
1281 1194 1368 1243 sibi
1393 1206 1435 1242 et
1456 1192 1579 1240 fratri

153 1270 284 1321 simul
310 1290 408 1321 cum
433 1283 538 1335 toga
558 1291 670 1338 pura
693 1271 797 1320 dato
824 1271 1079 1337 subjungit,
1106 1290 1215 1320 vers.
1244 1288 1334 1337 29:

371 1369 606 1416 Induiturque
623 1370 780 1405 humeris
796 1383 876 1405 cum
894 1370 963 1406 lato
979 1382 1134 1415 purpura
1148 1369 1256 1404 clavo.

151 1447 258 1506 uhi,
283 1447 583 1497 consentiente
604 1447 835 1496 doctorum
853 1447 1146 1497 recentiorum
1172 1446 1186 1472 ³
1214 1446 1398 1495 cohorte
1415 1483 1426 1504 ‚
1446 1445 1584 1508 signi-

127 1584 130 1587 Δ
151 1526 252 1576 ficat
276 1528 406 1594 poeta
429 1527 628 1576 indutam
660 1527 747 1576 sibi
770 1526 905 1576 fuisse
926 1527 1101 1576 tunicam
1116 1516 1138 1583 „
1159 1546 1254 1593 quae
1281 1524 1581 1592 scriptoribus

151 1603 250 1652 aliis
283 1603 446 1652 dicitur
478 1603 613 1652 tunica
651 1603 730 1652 lati
761 1604 866 1653 clavi
890 1602 923 1663 ⁴,
950 1622 1027 1653 seu
1063 1602 1266 1652 laticlavia
1290 1600 1320 1650 ⁵.
1359 1602 1422 1649 At
1440 1599 1583 1649 Aldus

155 1681 388 1731 Manutius
413 1678 430 1706 ⁶
452 1680 558 1729 hinc
582 1680 696 1730 clare
718 1681 805 1730 sibi
825 1681 997 1730 videtur
1021 1681 1228 1744 colligere
1242 1717 1255 1739 ‚
1277 1679 1440 1727 hancce
1466 1678 1583 1726 tuni—

153 1777 247 1807 cam
271 1758 451 1807 omnino
465 1777 720 1826 purpuream
744 1758 893 1807 fuisse.
915 1759 1095 1808 Etenim
1120 1778 1257 1826 quum
1282 1758 1327 1805 in
1353 1757 1467 1806 hanc
1491 1776 1583 1805 rem

154 1837 452 1886 testimonium
477 1854 528 1885 ex
554 1836 836 1902 Quintiliano
861 1850 904 1886 et
928 1837 1144 1886 Cicerone
1168 1837 1293 1905 prius
1330 1835 1583 1893 laudasset,

154 1914 309 1964 addit:
337 1938 360 1958 «
386 1916 553 1964 Verum
584 1915 639 1963 de
669 1916 818 1964 tunica
851 1915 929 1965 lati
963 1915 1075 1966 clavi
1097 1933 1345 1983 purpurea,
1370 1926 1422 1962 ut
1455 1914 1583 1962 omit-

157 2013 181 2035 »
211 2003 362 2042 tantur
378 1993 522 2042 dubiae
542 1993 729 2043 fortasse
747 1994 888 2060 (NB.)
901 1994 1004 2043 fidei
1025 1993 1294 2051 testimonia,
1315 1992 1421 2041 satis
1434 2003 1584 2058 aperta

158 2091 182 2113 ›·
209 2069 260 2118 fit
280 2070 541 2134 significatio
565 2071 612 2120 in
630 2072 719 2120 hoc
743 2072 896 2121 Ovidii
919 2092 1046 2122 versu
1066 2093 1075 2120 :
1098 2071 1310 2128 Induitur‚
1336 2082 1416 2119 etc.
1442 2093 1463 2112 »
1492 2070 1584 2118 Oc-

155 2149 296 2198 tavius
320 2169 425 2198 vero
448 2151 701 2209 Ferrarius,
727 2151 805 2218 qui
831 2170 930 2200 cum
955 2150 1052 2200 aliis
1075 2150 1294 2199 existimat
1314 2149 1491 2204 tunicas,
1517 2147 1584 2195 uti

199 2257 210 2276 ¹
237 2255 466 2291 praelectione
495 2267 519 2290 v
545 2255 587 2290 ad
613 2256 728 2302 Spart.
751 2256 923 2292 Hadrian.
949 2256 1042 2292 Vide
1060 2256 1150 2302 Lips.
1177 2256 1221 2291 ad
1245 2256 1356 2291 Tacit.
1378 2253 1507 2291 Annal.
1531 2252 1590 2288 lib.

154 2312 226 2348 XII
237 2339 248 2357 ,
267 2325 340 2358 cap.
358 2315 410 2357 4¹·

195 2370 212 2389 ²
233 2367 289 2403 De
310 2368 362 2404 Re
380 2367 515 2404 vestiar.
533 2368 589 2403 lib.
609 2369 645 2404 ll
661 2395 670 2411 ,
689 2381 761 2414 cap.
784 2384 811 2405 1.

195 2421 211 2444 ³
234 2422 389 2458 Labente
407 2423 552 2468 quidem
574 2435 621 2459 xv
637 2424 754 2458 seculo
774 2425 938 2470 Ciosanus
956 2425 1110 2471 ingenue
1126 2425 1301 2461 fatebatur
1314 2451 1323 2468 ,
1348 2437 1384 2459 se
1403 2424 1507 2469 hujus
1523 2423 1587 2458 loci

153 2477 399 2514 difficultatem
412 2478 534 2514 tollere
551 2491 623 2514 non
641 2480 792 2525 potuisse
806 2494 815 2522 ;
831 2493 948 2526 neque
963 2481 1137 2516 feliciores
1148 2488 1250 2516 erant
1261 2481 1316 2516 alii
1330 2507 1339 2524 ,
1353 2493 1441 2526 quos
1453 2480 1490 2514 in
1502 2479 1586 2514 urbe

156 2534 271 2570 Roma
287 2541 324 2570 et
338 2535 376 2570 in
390 2535 628 2571 celeberrimis
648 2536 755 2572 Italiae
773 2537 959 2583 gymnasiis
973 2537 1038 2572 hac
1055 2537 1098 2572 de
1114 2550 1152 2572 re
1169 2537 1390 2573 consuluerat
1406 2549 1414 2570 ε
1431 2535 1499 2571 vid.
1513 2535 1589 2580 ejus
1606 2523 1613 2532 ’

155 2591 197 2625 ad
215 2591 311 2628 hunc
326 2591 390 2628 loc.
406 2599 479 2628 not.

196 2649 212 2673 ⁴
235 2649 381 2685 Sueton-
399 2650 435 2685 in
456 2650 545 2697 Aug.
561 2665 634 2698 cap.
652 2655 706 2700 94.

198 2707 214 2728 ⁵
235 2707 354 2742 Valer.
371 2707 516 2743 Maxim.
534 2708 590 2744 lib.
610 2708 656 2752 V,
673 2718 746 2755 cap'.
763 2723 788 2744 1.

238 2763 385 2817 Quaesit7
399 2778 463 2810 per
482 2765 591 2811 Epist.
606 2766 663 2801 lib.
680 2766 714 2801 11
730 2793 739 2809 ,
756 2779 829 2811 cap.
846 2780 864 2800 2
881 2793 890 2810 ,
912 2766 955 2802 de
974 2767 1073 2813 Toga
1092 2767 1194 2802 Rom.
