1794 3100
311 224 395 284 372
645 221 954 265 NOTITIA
986 221 1366 267 LITERARIA

308 332 436 359 suum
462 313 647 374 amplius
674 313 988 357 sexcentorum.
1021 313 1181 358 Coelius
1209 315 1481 375 Rhodiginus
1503 317 1635 363 XIII.
1667 331 1704 363 1.

306 389 540 448 Antiquar.
576 388 775 431 Lection.
805 402 824 426 «
847 383 1044 429 Caecilius
1069 387 1341 430 Minutianus
1374 388 1589 447 Apuleius
1621 392 1704 445 ait,
1749 387 1751 389 ’

309 459 549 504 Corvinum
567 457 793 515 (Boessius
823 465 866 499 et
887 457 961 500 alii
987 457 1155 500 malunt
1183 459 1438 519 Hyginum)
1466 459 1520 503 ab
1547 460 1708 506 ovidio

304 528 407 571 Ibin
425 527 692 588 appellatum
709 543 796 570 esse
815 543 865 569 ex
881 527 970 570 avis
989 526 1206 582 foeditate,
1230 529 1301 571 cui
1317 537 1547 572 ventrem¹
1566 539 1707 576 rostro

304 616 490 660 pul-gale
521 601 699 642 insitum
728 600 812 651 sit,
861 607 917 642 et
935 599 1019 642 hoc
1053 615 1104 643 ex
1141 600 1397 644 Callimachi
1444 602 1702 675 imitatione.

304 672 530 716 Ovidius
519 688 631 732 lpse,
659 688 698 714 v.
726 669 808 725 451
837 689 847 715 ;

517 791 562 825 Et
578 790 699 835 quibus
715 790 839 836 exiguo
853 790 1000 826 volucris
1014 792 1137 827 devota
1156 793 1270 828 libello
1286 801 1337 829 est
1349 820 1358 838 ‚

568 849 725 896 Corpora
741 851 894 895 projecta
910 863 985 896 quae
1000 864 1062 886 sua
1075 860 1200 898 purgat
1214 865 1312 899 aqua.

305 963 369 1004 De
400 958 657 1002 Callimachi
680 966 881 1017 poemate
903 957 1107 1003 adversus
1154 959 1440 1019 Apollonium
1470 961 1708 1018 Rhodium,

302 1031 421 1083 cujus
442 1022 600 1073 titulus
622 1037 715 1074 erat
747 1031 865 1080 Ibis,
904 1038 948 1074 et
981 1030 1101 1090 quod
1127 1031 1302 1091 pridem
1334 1033 1586 1091 intercidit,
1618 1034 1709 1078 dixi

299 1101 379 1144 lib.
404 1103 474 1145 III
496 1101 612 1145 Bibl.
649 1103 833 1157 Graecae,
861 1119 956 1163 cap.
979 1116 1058 1146 X1x
1071 1106 1083 1157 ’,
1108 1119 1208 1163 pag.
1229 1103 1334 1159 486.
1362 1107 1415 1148 111
1434 1105 1538 1149 Ibin
1555 1106 1709 1150 ovidii

301 1183 437 1218 exstat
467 1186 593 1219 vetus
625 1178 838 1235 interpres
858 1192 899 1228 ²,
926 1175 1123 1235 Gyraldo
1159 1184 1203 1219 et
1218 1176 1325 1241 'aliis
1359 1176 1558 1222 laudatus
1567 1186 1709 1234 ,ltum
1753 1167 1760 1173 ⁴

260 1236 262 1240 ‚
301 1248 461 1292 Christ.
488 1248 690 1297 Zur-otti,
716 1247 877 1292 Venet.
909 1249 1042 1302 1515,
1070 1248 1214 1292 in-sol.
1242 1249 1428 1294 Carmen
1449 1251 1592 1310 ipsum
1608 1251 1708 1294 c'um

298 1321 645 1381 Metamorphosi
663 1328 707 1364 et
724 1320 848 1364 libris
870 1322 1122 1371 Fastorum,
1148 1320 1315 1365 editum
1332 1330 1465 1366 exstat
1481 1323 1575 1366 sine
1593 1323 1706 1367 anno

301 1402 345 1437 et
369 1394 465 1437 loco
498 1392 640 1435 in-fol.
673 1401 717 1435 et
745 1393 906 1437 venet.
940 1392 1075 1448 1484,
1109 1393 1255 1436 in-fol.
1284 1393 1400 1437 ibid.
1439 1393 1572 1455 1495,
1592 1394 1707 1438 'cum

299 1469 481 1511 Domitii
489 1465 887 1510 Calderinicomm.
905 1465 1104 1508 eruditus
1118 1468 1322 1528 Dionysii
1330 1466 1558 1526 Salvagnii
1568 1469 1708 1511 Boes-

297 1539 369 1586 sii,
388 1536 548 1596 equitis
563 1534 858 1595 Delphinatis,
874 1537 1210 1578 commentarius
1226 1535 1395 1595 prodiit
1405 1536 1546 1596 Lugd.
1570 1537 1704 1586 1633,

299 1606 450 1662 ixi-4⁰„
473 1615 603 1666 atque
619 1608 780 1663 iterum
798 1606 922 1659 1661„
942 1608 1095 1656 in-8⁰.,
1112 1605 1263 1651 addito
1275 1614 1423 1650 vetere
1441 1608 1705 1667 interprete,

300 1679 379 1737 qui
397 1679 442 1720 in
461 1678 609 1736 priore
627 1675 735 1718 edit.
757 1675 1047 1726 desideratur.
1069 1678 1110 1720 Is
1126 1692 1225 1736 pag.
1249 1678 1272 1720 3
1285 1710 1299 1730 ‚
1322 1676 1374 1732 4,
1397 1692 1489 1737 seq.
1510 1676 1565 1720 de
1581 1678 1709 1731 hujus

300 1750 499 1792 carminis
521 1747 791 1791 editionibus
812 1757 855 1791 et
878 1749 1197 1808 interpretibus
1219 1748 1434 1792 videndus
1463 1757 1542 1792 est.
1567 1749 1707 1793 Vete-

299 1837 393 1863 rem
416 1822 706 1880 interpretem
728 1820 862 1863 alium
891 1821 944 1863 ab
977 1819 1097 1864 edito
1122 1821 1286 1863 evolvit
1309 1820 1470 1864 Coelius
1488 1819 1711 1879 ,Rhodigi-

298 1910 401 1943 nus,
428 1902 559 1953 atque
583 1893 822 1936 Turnebus
845 1892 965 1935 dolet
986 1894 1075 1936 luci
1105 1908 1194 1935 non
1216 1892 1367 1934 datum
1391 1891 1473 1935 lib.
1498 1894 1586 1946 IX,
1619 1893 1674 1935 25
1690 1925 1703 1945 ,

299 1964 532 2008 Adversar.
558 1983 577 2004 «
600 1964 730 2021 Quod
747 1973 791 2013 et
808 1972 1061 2007 annotatum
1079 1980 1102 2005 a
1121 1965 1259 2006 veteri
1276 1965 1520 2024 interprete
1538 1963 1710 2017 fuerat,*

299 2040 420 2092 cujus
440 2039 599 2081 scrinia
619 2037 694 2080 alii
724 2040 987 2096 interpretes
1012 2037 1327 2096 compilarunt,
1364 2044 1408 2079 et
1435 2038 1597 2096 scripta
1613 2038 1709 2080 'etsi

299 2189 371 2222 cap.
386 2187 415 2217 1,
441 2189 515 2222 pag.
543 2176 604 2220 371
618 2187 630 2218 ;
660 2182 695 2209 et
713 2174 888 2216 Galenus,
919 2173 962 2208 de
986 2187 1083 2209 venae
1105 2173 1266 2208 sectione
1291 2180 1412 2208 contra
1439 2173 1682 2208 Erasistratum
1697 2198 1708 2216 ,

300 2239 383 2266 tom.
401 2230 435 2264 X
449 2257 458 2274 ,
481 2243 553 2275 cap.
571 2240 610 2263 VI
623 2255 633 2273 ‚
651 2242 726 2274 pag.
743 2230 807 2276 399
819 2255 828 2272 ,
848 2228 929 2263 edit.
953 2229 1061 2263 Paris.
1090 2227 1225 2262 Confer·
1244 2227 1366 2262 Alciati
1385 2226 1556 2261 emblema
1578 2227 1619 2270 87
1635 2228 1645 2270 ;
1673 2234 1708 2261 et

299 2285 514 2367 Alldrovandi
537 2284 842 2329 Ornithologiam,
867 2292 950 2319 tom.
970 2285 1044 2328 111,
1062 2285 1116 2318 lib.
1147 2285 1236 2327 XX,
1258 2296 1328 2327 cap.
1345 2294 1410 2326 111,
1434 2295 1509 2327 pag.
1532 2294 1617 2331 129.

341 2346 515 2380 ¹Auctor
537 2347 694 2391 lsagoges
720 2346 855 2380 Galeno
877 2345 1075 2390 adscriptae,
1104 2358 1174 2389 cap.
1197 2357 1208 2376 1
1232 2351 1294 2386 ,et
1322 2343 1476 2384 Plinius,
1498 2337 1610 2386 VIII,
1640 2355 1706 2387 27,

298 2403 390 2438 Hist.
406 2410 554 2446 notant,
571 2403 653 2437 inde
672 2403 761 2437 hanc,
776 2416 874 2437 avem
891 2402 930 2436 ad
948 2401 1101 2449 clyster-is
1087 2413 1222 2435 susum
1239 2398 1490 2434 inveniendum
1509 2392 1707 2444 hominibus

298 2471 417 2492 ansam
434 2458 628 2503 praebuisse.
654 2458 819 2503 Effigiem
847 2458 922 2502 ejus
949 2456 1083 2491 habes·
1074 2469 1110 2490 111
1128 2455 1307 2490 Thesauro
1328 2453 1513 2489 Graeviano
1536 2452 1706 2498 Antiquit.

297 2513 403 2548 Rom.
423 2520 507 2547 tom.
525 2512 560 2545 V
566 2525 664 2557 ‚pag.
687 2513 757 2559 795.

339 2573 548 2617 ²Labbeus‚
565 2572 653 2607 Bibl.
675 2585 765 2606 nova
783 2572 879 2606 MSS
893 2598 902 2615 ,
919 2583 993 2616 pag.
1009 2571 1068 2615 46,
1089 2577 1261 2604 memorat
1277 2568 1449 2604 Bernardi
1462 2566 1607 2602 Mon-eui
1619 2592 1628 2610 ,
1646 2566 1705 2611 qui

297 2629 507 2665 rhetoricam
516 2629 688 2666 Bononiae
704 2629 821 2664 docuit
836 2628 898 2664 sub
910 2639 991 2663 ann.
1012 2628 1111 2674 1459,
1130 2626 1378 2672 expositionem
1391 2625 1429 2660 in
1446 2624 1577 2660 Poema
1586 2621 1704 2658 Ovidii

299 2684 459 2721 adversus
476 2685 565 2720 Ibin.
