1794 3100
276 265 334 308 26

646 269 697 312 P.
743 269 978 315 OVIDII
1016 270 1325 316 NASONIS

273 359 365 406 Nec
391 358 474 406 tibi
497 360 722 424 contingat
744 374 942 411 matrona
960 363 1164 430 pudicior
1187 363 1284 423 illa,

338 436 440 499 Qua
461 438 613 503 potuit
633 438 810 505 Tydeus
831 440 1061 489 erubuisse
1083 459 1224 498 nuru;

274 512 474 579 Quaeque
498 514 566 562 sui
587 515 802 563 Venerem
818 516 969 580 junxit
993 535 1091 565 eum
1116 517 1247 566 fratre
1270 517 1439 576 mariti,

336 589 489 638 Locris
511 590 557 638 in
580 591 748 640 ancillae
770 592 1043 642 dissimulata
1063 593 1227 643 necem.

272 667 333 714 Di
358 688 534 735 quoque
560 682 647 718 tam
668 670 830 719 faciant
850 671 994 738 possis
1019 673 1205 735 gaudere
1222 671 1343 721 fideli

1635 685 1700 720 355

339 747 559 812 Conjuge‚
587 768 717 815 quam
740 749 864 798 Talai
886 751 1192 817 Tyndareique
1218 753 1385 814 g'ener;v

274 824 474 891 Quaeque
498 847 650 893 parare
671 828 764 876 suis
787 827 924 877 letum
947 830 1223 896 patruelibus
1246 849 1359 879 ausae

336 900 511 951 Belides
535 902 719 952 adsidua
742 903 854 953 colla
878 918 1140 971 premuntur
1162 925 1276 972 aqua
1300 906 1310 953 ἕ

274 976 492 1044 Byblidos
514 992 558 1028 et
582 981 794 1040 Canaces,
822 982 937 1031 sicut
956 974 1083 1040 facit,
1107 982 1258 1031 ardeat
1279 982 1380 1044 igne
1400 1001 1410 1038 ;

273 1105 427 1151 intellige
439 1134 447 1145 ‚
465 1108 523 1152 qui
536 1121 577 1142 ex
588 1109 787 1143 Hermione
798 1109 958 1144 Tisame-

274 1172 363 1194 num
379 1160 491 1195 filium
509 1163 667 1207 suscepit.
686 1162 835 1198 DOM.—
844 1165 956 1198 Calli-

273 1215 432 1258 rhoesque
451 1218 532 1250 viro.
559 1216 801 1252 Alcmaeonem
825 1216 957 1251 intelli-

274 1265 323 1310 git
349 1265 454 1300 Ovid.
476 1267 682 1312 Amphiarai
708 1275 744 1302 et
772 1267 957 1314 Eriphyles

275 1317 387 1352 filium
397 1344 406 1362 ,
424 1319 483 1364 qui
499 1320 607 1354 occisa
618 1327 730 1355 matre
745 1320 782 1354 in
795 1319 955 1354 furorem

276 1383 396 1405 versus
418 1370 573 1416 fingitur.
596 1370 769 1406 Consulto
790 1371 954 1414 oraculo,

277 1423 314 1456 in
339 1430 470 1457 terram
495 1423 656 1458 omnium
680 1422 955 1459 recentissimam

277 1474 328 1507 ire
340 1474 451 1518 jussus
463 1481 525 1509 est.
534 1475 664 1509 Nactus
677 1475 792 1519 itaque
805 1481 935 1509 terram
947 1499 957 1518 ,

278 1539 347 1571 qua
377 1526 551 1562 Achelous
581 1526 619 1561 in
649 1540 747 1561 mare
777 1526 930 1570 erumpit
947 1551 957 1568 ,

278 1579 386 1613 filiam
410 1578 556 1614 Acheloi
581 1577 784 1613 Callirhoen
810 1589 957 1612 uxorem

280 1630 401 1664 habuit
413 1643 420 1665 :
433 1629 511 1665 vide
523 1629 798 1676 Apollodorum,
818 1629 875 1663 lib.
892 1628 957 1663 111.

323 1683 400 1717 351.
412 1685 483 1718 Nec
497 1685 563 1717 tibi
573 1686 749 1726 contingat
761 1689 826 1716 etc.
838 1680 961 1726 AEgia-

279 1735 370 1769 leam
388 1732 551 1780 intelligit
562 1760 571 1778 ,
600 1733 784 1768 Diomedis
802 1744 959 1767 uxorem.

281 1787 410 1832 Quum
425 1787 524 1822 enim
534 1787 656 1822 Venus
673 1800 692 1821 a
705 1785 879 1821 Diomede
891 1785 962 1819 vul—

280 1853 346 1875 nus
369 1840 574 1885 accepisset,
599 1840 676 1884 ejus
695 1851 839 1873 uxorem
856 1845 962 1873 tantae

280 1892 432 1927 libidinis
443 1893 676 1938 impotentem
687 1891 840 1926 reddidit
850 1916 860 1934 ,
874 1898 913 1925 ut
925 1903 960 1925 se

280 1945 408 1990 passim
421 1944 614 1991 Hippolyto
631 1951 666 1978 et
680 1943 821 1979 Cometi
834 1944 963 1988 prosti-

283 2004 424 2038 tueret&
451 2009 605 2041 quoru-m
623 1995 761 2030 furiosis
785 1995 963 2030 amoribus

283 2050 371 2085 adeo
383 2049 618 2095 exagitabatur
628 2075 637 2093 ,
653 2056 693 2083 ut
704 2049 768 2094 ipsi
779 2048 962 2089 Diomedi,

283 2105 392 2149 Troja
407 2103 590 2146 redeunti,
613 2115 739 2137 necem
757 2102 878 2137 molita
894 2100 939 2136 sit
953 2129 962 2145 ‚
982 2130 986 2133 a

284 2168 391 2202 quam
410 2156 453 2190 ad
470 2155 624 2190 Junonis
641 2167 739 2189 aram
754 2161 862 2190 noctu
878 2166 966 2188 con-

284 2209 441 2255 fugiens,
458 2208 514 2242 vix
529 2207 675 2242 evadere
693 2206 817 2252 potuit.
835 2205 944 2241 SALV·

329 2263 405 2297 352.
418 2263 522 2296 Nara.
545 2261 650 2296 Unus
667 2259 807 2295 Heinsii
828 2270 965 2300 nurum,-

287 2315 347 2350 sed
371 2322 457 2350 tunc
482 2313 671 2359 legendum
691 2339 700 2356 ‚
729 2326 828 2357 quam
851 2325 860 2345 .·
883 2323 967 2345 nam

288 2376 437 2414 utroque
449 2380 529 2403 casu
538 2373 808 2402 construxerunt
816 2365 883 2400 hoc
895 2378 968 2399 ver·

288 2422 374 2456 bum
386 2448 394 2464 ‚
413 2421 573 2467 Propert.
587 2420 643 2455 ΙΙΙ
654 2446 663 2463 ,
685 2421 723 2463 ι4
735 2445 744 2462 ,
752 2420 882 2463 fratres
895 2431 969 2453 eru-

291 2477 402 2507 baisse
420 2474 538 2514 Deas‚·
559 2468 684 2517 Vix-gil.
700 2471 783 2505 AEn.
802 2471 859 2513 II,
884 2471 944 2514 541
958 2495 967 2513 ‚

290 2526 603 2571 sedjurafidemque
612 2526 778 2570 Supplicis
787 2526 924 2565 erubuit,
936 2529 971 2558 et

291 2579 372 2613 alias
387 2577 478 2623 apud
496 2577 658 2612 diversos.

335 2632 411 2674 354.
432 2631 561 2666 Locris.
587 2631 869 2677 Hypermnestra
893 2627 971 2662 Lo-

294 2683 423 2719 crensis
443 2710 451 2727 ,
484 2695 594 2728 quum
616 2682 734 2717 fratris
751 2681 816 2715 viri
833 2692 970 2716 concu-

293 2738 407 2772 bitum
434 2737 613 2782 adpeteret
633 2763 643 2780 ,
675 2735 763 2770 clam
795 2742 972 2770 nocturno

295 2798 453 2835 tempore
468 2789 504 2824 id
522 2788 699 2832 adsecuta,
717 2800 821 2823 mane
838 2786 971 2832 pudore

1023 1109 1158 1143 adfecta
1171 1134 1180 1152 ,
1200 1115 1239 1142 ut
1258 1106 1368 1143 scelus
1383 1119 1486 1141 suum
1506 1104 1714 1153 dissimula-¹

1022 1170 1095 1205 ret,
1115 1162 1276 1197 ancillam
1293 1173 1375 1196 cum
1390 1160 1525 1195 famulo
1542 1159 1679 1195 necavit
1693 1185 1702 1202 ‚

1022 1215 1118 1260 quasi
1138 1214 1174 1248 in
1191 1214 1267 1258 ejus
1286 1213 1475 1248 concubitu
1491 1225 1551 1247 eos
1567 1211 1701 1259 depre—

1021 1266 1210 1302 hendisset.
1655 1268 1662 1274 “

1063 1319 1138 1353 356.
1156 1319 1325 1363 conjuge,
1352 1315 1589 1362 quamrTalai.
1612 1315 1703 1351 Eri-

1020 1371 1123 1418 phyle
1135 1396 1144 1414 ,
1160 1369 1363 1415 Amphiarai
1374 1381 1478 1412 uxor,
1497 1367 1596 1403 Talai
1611 1367 1701 1410 filia,

1018 1421 1189 1456 latentem
1221 1421 1390 1456 maritum
1418 1433 1464 1455 ne
1498 1419 1541 1454 ad
1571 1418 1704 1454 bellum

1020 1474 1231 1510 Thebanum
1248 1475 1337 1517 iret,
1355 1475 1392 1509 in
1410 1486 1481 1519 quo
1502 1485 1566 1518 per
1583 1485 1702 1518 augu-

1019 1528 1069 1562 ria
1087 1533 1310 1573 prospexerat
1327 1540 1363 1561 se
1381 1525 1580 1571 periturum
1594 1551 1604 1568 ,
1620 1537 1706 1570 pro-

1021 1581 1110 1616 didit
1132 1587 1296 1626 corrupta
1322 1578 1444 1613 monili
1464 1605 1474 1622 ,
1500 1577 1594 1623 quod
1618 1576 1703 1611 olim

1021 1633 1146 1667 Venus
1155 1631 1369 1678 possederat:
1382 1629 1621 1676 deprehensus
1633 1642 1706 1663 ma·

1021 1685 1108 1720 ritus
1120 1711 1129 1728 ,
1146 1693 1181 1720 et
1195 1685 1231 1719 in
1244 1684 1376 1719 bellum
1392 1683 1616 1730 proficiscens
1628 1682 1707 1718 Alc-

1021 1738 1150 1773 rnaeoni
1160 1737 1232 1772 filio
1240 1737 1434 1780 mandavit,
1445 1743 1604 1781 utquum
1612 1748 1705 1770 mor-

1023 1796 1104 1825 tuus
1127 1796 1215 1825 esset
1235 1816 1245 1834 ,
1279 1795 1449 1824 mactaret
1477 1786 1616 1823 tumulo
1643 1799 1707 1821 suo

1026 1841 1235 1889 Eriphylem
1258 1848 1433 1882 matrem;
1458 1839 1553 1884 quod
1573 1838 1707 1874 factum

1024 1901 1076 1929 est
1092 1919 1101 1937 ‚
1130 1892 1191 1928 sed
1214 1899 1332 1938 postea
1356 1893 1501 1927 insanus
1525 1890 1647 1925 factus.
1664 1908 1708 1916 --

1031 1949 1259 1994 Tyndareique
1265 1959 1372 1991 gener.
1387 1945 1634 1991 Agamemnon
1649 1956 1709 1988 ge-

1025 2012 1091 2034 ner
1113 1998 1272 2047 Tyndari
1299 2000 1312 2042 (
1330 2011 1413 2032 nam
1439 1995 1709 2042 Clytaemnestra

1027 2050 1185 2099 Tyndari
1211 2050 1282 2084 filia
1303 2050 1392 2094 suit,
1418 2055 1456 2083 ut
1478 2047 1597 2084 scribit
1612 2047 1710 2082 Pau-

1025 2116 1098 2138 san.
1114 2103 1127 2146 )
1148 2103 1355 2138 interfectus
1371 2108 1423 2136 est
1440 2100 1481 2135 ab
1498 2111 1604 2134 uxore
1621 2097 1709 2133 dolis

1028 2154 1190 2201 AEgisthi.
1207 2154 1310 2190 DoM.

1072 2208 1148 2254 359.
1180 2208 1304 2240 Bt'blt‘s.
1321 2203 1437 2241 Mileti
1457 2203 1527 2238 filia
1549 2208 1585 2237 et
1608 2198 1710 2249 Cya-
1755 2235 1757 2238 ,

1029 2272 1092 2295 nes
1113 2287 1121 2301 ‚
1156 2258 1324 2293 Caunum
1352 2257 1500 2292 fratrem
1531 2252 1708 2299 impudice

1031 2311 1177 2354 amavit;
1190 2312 1290 2356 cujus
1301 2308 1528 2346 concubitum
1536 2317 1645 2351 quum
1654 2305 1711 2339 ad-

1030 2364 1129 2410 sequi
1151 2377 1226 2399 non
1251 2369 1365 2408 posset
1379 2387 1388 2404 ,
1406 2358 1566 2406 lacrymis
1580 2356 1712 2403 liquata

1032 2424 1085 2453 est
1104 2418 1141 2451 in
1160 2416 1298 2451 sontem
1316 2428 1325 2455 ;
1352 2411 1458 2448 Ovid.
1477 2411 1533 2445 lib.
1553 2410 1603 2445 IX
1622 2409 1710 2444 Met.

1033 2469 1163 2513 453.ss
1174 2487 1216 2495 —
1228 2464 1276 2501 Et
1293 2466 1454 2499 Canaces.
1468 2460 1551 2498 Fuit
1571 2460 1711 2497 Canace

1034 2521 1129 2557 AEoli
1138 2529 1174 2557 et
1184 2518 1379 2564 Amphiteae
1387 2516 1471 2558 filia3
1481 2516 1580 2561 cujus
1587 2514 1712 2550 ardens

1035 2587 1155 2610 amore
1162 2568 1344 2607 Macareus
1353 2569 1464 2603 frater
1473 2580 1552 2602 eam
1561 2566 1713 2601 violavit.

1036 2629 1174 2662 Verum
1186 2628 1374 2667 conceptus
1384 2616 1501 2655 infans
1513 2631 1590 2654 rem
1599 2616 1712 2662 vulga-

1035 2680 1096 2714 vit.
1107 2677 1228 2713 AEolus
1242 2676 1358 2719 itaque
1371 2671 1450 2708 filiae
1465 2684 1587 2707 ensem
1601 2669 1712 2711 misit;

1039 2743 1114 2776 quae
1131 2735 1269 2773 accepto
1283 2739 1365 2762 ense
1380 2725 1550 2771 flagitium
1570 2736 1587 2757 a
1603 2721 1711 2756 fratre

1037 2784 1172 2819 illatum
1189 2793 1274 2816 nece
1289 2792 1349 2815 sua
1365 2778 1436 2813 ulta
1451 2784 1511 2812 est.
1526 2776 1679 2811 Dssssm.
