1794 3100
264 244 351 304 392
479 298 484 303 ,
531 225 537 231 ’
591 244 908 288 NOTITIA
940 246 1353 291 LITERARIA

289 343 291 345 ’
317 335 425 375 Libri
446 338 645 377 Fastorum
667 351 751 376 cum
779 346 981 378 comment.
1007 338 1171 383 Antonii
1201 340 1417 381 Constantii
1436 341 1613 383 Fanensis
1643 349 1682 382 et

261 401 369 441 Pauli
397 403 524 442 Marsi.
563 402 598 442 V
597 403 739 441 enetiis.
771 402 900 442 in-fol-
916 427 970 434 —
988 405 1113 445 Maitt.
1142 420 1225 461 pag.
1248 407 1350 461 [4903
1380 407 1526 448 -Panzer
1544 437 1556 458 ‚
1583 415 1680 448 tom-

265 466 327 506 ΙΙΙ
346 496 358 518 ,
376 481 460 521 pag.
486 465 577 522 249.

918 536 1034 586 1488.

275 625 280 629 ”
314 629 504 670 Heroides
522 644 607 669 cum
621 639 823 671 comment.
845 631 939 672 Ant.
961 632 1119 683 Volsci,
1139 641 1178 674 et
1196 634 1237 673 in
1254 633 1341 674 Ibin
1365 649 1450 675 cum
1472 643 1678 675 comment.

260 697 424 737 Domitii
446 697 646 738 Calderini.
665 700 709 737 In
728 699 801 740 fine
826 716 835 740 :
860 718 879 734 (ι
900 701 1129 752 Impressum
1147 701 1356 741 Mediolani
1370 716 1438 755 per
1456 701 1678 742 Uldericum

259 765 528 806 Scinzenzeller
541 794 552 814 ‚
582 765 640 806 die
663 777 746 807 vlu
764 766 944 807 Octobris
970 767 1432 809 MCCCCLXXXVIH.
1452 787 1471 804 ι»
1488 767 1679 809 in-sol.—·

256 832 377 873 Denis
401 833 533 887 Suppl.
551 847 635 887 pag.
660 832 759 881 2533
792 835 932 874 Panzer
948 865 960 886 ‚
979 843 1072 875 tom.
1095 836 1135 874 ΙΙ
1153 866 1165 884 ,,
1193 850 1277 890 pag.
1295 834 1359 890 57.

311 902 510 943 Heroides.
544 904 577 941 V
577 905 725 950 enetz'is,
742 918 811 957 per
832 904 1026 944 Andream
1045 906 1089 944 de
1112 906 1366 945 Paltascichis
1395 905 1676 946 Catharensem.

255 967 387 1007 in—fol.
401 990 456 999 —
469 969 592 1008 Maitt.
612 985 693 1024 pag.
712 968 787 1009 502
807 978 845 1010 et
862 969 960 1018 505;
983 972 1145 1019 Panzer,
1163 979 1259 1011 tom.
1289 973 1374 1020 111,
1397 987 1481 1027 pag.
1505 969 1597 1010 251.

309 1039 489 1078 Remedia
511 1039 677 1081 Amoris.
710 1039 775 1080 Ad
798 1041 961 1092 calcem:
992 1058 1012 1076 α
1029 1043 1258 1095 Impressum
1280 1041 1387 1095 Liptz
1405 1057 1473 1093 per
1490 1041 1678 1082 Jacobum

255 1105 436 1144 Thanner
468 1105 786 1159 Herbipolensem
820 1122 828 1145 z
858 1122 957 1148 anno
979 1108 1138 1148 Domini
1172 1108 1676 1154 MCCCCLXXXVHL„

253 1169 367 1219 in-40.
382 1171 586 1221 —Denis‚
614 1173 747 1225 Suppl.
767 1188 850 1228 pag.
870 1171 972 1220 2533
995 1175 1157 1223 Panzer‚
1179 1181 1274 1214 tom.
1298 1174 1370 1223 IV,
1394 1189 1477 1229 pag.
1504 1171 1596 1229 342.

918 1267 1031 1323 1489.

307 1352 333 1378 ⁴¹
354 1353 517 1402 Veneta,
533 1356 604 1402 IV,
622 1355 940 1409 Operum.Prima
951 1356 1107 1411 pagina‚
1122 1355 1188 1394 fol.
1213 1370 1229 1394 1
1248 1383 1259 1403 ‚
1274 1369 1387 1395 vacua
1397 1354 1525 1395 relicta
1544 1364 1611 1395 est.
1629 1356 1675 1395 In

253 1434 378 1460 aversa
401 1436 483 1475 pag.
507 1421 640 1475 incipit
673 1424 773 1462 Boni
802 1421 977 1462 Accursii
1000 1422 1124 1462 Pisani
1144 1421 1317 1474 Epistola
1335 1421 1383 1461 ad
1403 1421 1589 1462 Cicchum
1610 1423 1674 1463 Si-

252 1493 468 1534 monetam⁷
491 1501 578 1525 cum
600 1487 676 1527 vita
696 1486 825 1527 Ovidii
843 1487 888 1526 ab
909 1488 1043 1527 eodem
1062 1488 1229 1527 collecta.
1259 1487 1441 1542 Sequitur
1462 1488 1579 1528 Index
1602 1487 1676 1527 fab.

253 1549 339 1588 libri
360 1552 735 1602 Metamorphoseon.
762 1554 879 1593 Hunc
907 1553 1044 1609 excipit
1062 1553 1144 1593 Val.
1169 1553 1369 1604 Superchii
1386 1553 1526 1593 Pisaur.
1541 1553 1587 1592 ad
1605 1554 1674 1594 Jo.

255 1613 432 1653 Sfortiam
454 1616 600 1655 Pisauri
621 1616 827 1670 principem
849 1617 1030 1670 epistola,
1053 1617 1114 1656 cui
1126 1617 1292 1671 subjecta
1307 1616 1471 1668 ejusdem
1498 1616 1535 1655 V
1532 1617 1582 1655 al.
1598 1617 1677 1655 Su-

251 1679 399 1732 perchii
419 1680 551 1730 Elegia
577 1695 589 1718 .·
615 1699 634 1715 ιι
669 1682 933 1735 Conqueritur
964 1682 1071 1736 quod
1102 1682 1246 1730 barbari
1276 1681 1394 1722 velint
1426 1680 1562 1735 pariter
1590 1696 1677 1721 cum

253 1746 407 1785 Nasone
430 1760 541 1796 opera
562 1745 662 1785 illius
692 1747 859 1787 interire.
885 1762 906 1784 n
942 1747 1126 1800 Sequitur
1147 1747 1219 1800 jam
1242 1747 1288 1785 P.
1319 1746 1446 1785 Ovidii
1462 1746 1676 1786 Metamor-

250 1813 407 1865 phoseos
430 1813 524 1851 liber
541 1814 685 1866 primus
701 1843 712 1861 ,
739 1822 812 1853 etc.
846 1815 1015 1868 Singulis
1043 1814 1176 1854 fabulis
1202 1813 1394 1868 praemissa
1422 1812 1520 1852 intra
1549 1812 1674 1866 ipsum

250 1887 395 1918 textum
419 1880 627 1919 summaria.
654 1883 699 1919 ln
717 1881 817 1920 fine:
844 1899 864 1915 «
886 1883 1015 1920 Flle.
1053 1879 1178 1920 Publii
1204 1879 1334 1920 Ovidii
1362 1877 1525 1919 Nasonis
1546 1879 1674 1917 Meta—

254 1947 504 1998 morphoseos
527 1961 638 1998 opera
653 1948 880 1987 Lucantonii
895 1947 1106 1987 Florentini
1121 1947 1288 2000 impensa
1305 1961 1325 1985 a
1340 1945 1494 1986 Matheo
1513 1945 1674 1996 Capcasa

254 2014 454 2053 Parmense
474 2015 748 2054 accuratissime
764 2016 942 2067 impressa
961 2012 1183 2064 (venetiis)
1206 2012 1337 2052 Foelici
1354 2012 1554 2065 faustoque
1579 2026 1673 2052 aus-

249 2080 352 2134 picio
375 2080 436 2120 hic
466 2081 705 2119 clauduntur.
736 2080 854 2121 Anno
885 2081 1253 2119 Mcccclrxxxvlul.
1277 2078 1402 2127 Pridie
1434 2077 1562 2118 Calen.
1597 2078 1670 2116 Ja-

252 2146 410 2185 nuarias.
435 2162 454 2180 »
475 2146 569 2184 Post
590 2146 672 2184 haec
686 2145 899 2196 Registmm
916 2144 1027 2196 hujus
1051 2145 1170 2197 operis
1184 2172 1217 2182 ..
1230 2172 1240 2182 .
1263 2143 1399 2183 Amen.
1419 2145 1467 2182 In
1488 2141 1570 2181 folii
1591 2155 1670 2195 seq.

248 2211 367 2266 prima
390 2210 522 2267 pagina
546 2226 555 2249 :
575 2226 596 2247 «
617 2210 743 2249 Publii
770 2210 900 2250 Ovidii
927 2211 1090 2250 Nasonis
1113 2209 1373 2250 Sulmonensis
1394 2216 1518 2263 poetae
1537 2207 1669 2247 claris-

249 2279 333 2319 simi
356 2278 570 2318 Heroidum
589 2277 684 2318 liber
703 2277 837 2316 unicus
858 2277 1005 2328 incipit.
1023 2296 1042 2312 »
1068 2279 1291 2330 Sequuntur
1314 2276 1440 2317 Sabini
1462 2274 1668 2328 Epistulae,

247 2345 333 2384 libri
358 2345 544 2385 Amorum
557 2347 574 2392 ‚'
597 2344 642 2383 de
666 2343 763 2383 Arte
796 2343 958 2382 Amandi
977 2373 988 2392 ‚
1022 2344 1068 2383 de
1088 2343 1273 2384 Remedio
1295 2342 1448 2381 Amoris
1464 2369 1475 2389 ‚
1509 2342 1548 2380 in
1569 2340 1668 2380 Ibin.

250 2414 351 2451 Tum
374 2412 488 2452 tertio
513 2411 618 2465 quasi
637 2410 829 2452 volumine
849 2411 1096 2451 continentur
1122 2410 1247 2457 Fasti,
1273 2409 1360 2448 libri
1383 2407 1571 2447 Tristium
1589 2436 1600 2456 .,
1622 2408 1669 2446 de

244 2481 373 2520 Ponto
387 2509 398 2528 ‚
420 2480 466 2520 de
491 2479 642 2527 Pulice‚
666 2478 711 2517 de
729 2478 956 2527 Philomela,
979 2479 1023 2518 de
1039 2477 1286 2518 Medicamine
1307 2476 1433 2524 faciei,
1460 2475 1505 2515 de
1525 2476 1636 2515 Nuce
1653 2503 1665 2523 ‚

245 2554 284 2586 et
314 2546 535 2585 Consolatio
570 2546 616 2585 ad
651 2545 805 2586 Liviam.
836 2545 1013 2598 Denique
1047 2543 1180 2581 Mauri
1211 2543 1340 2593 Ugerii
1360 2541 1569 2580 Mantuam·
1588 2555 1599 2578 .·
1621 2540 1665 2578 de

248 2611 392 2650 Anima
432 2610 557 2648 Ovidii
584 2623 667 2663 quoe
690 2609 902 2660 migraverit¹
925 2609 964 2646 in
996 2607 1033 2646 V
1030 2608 1188 2645 aleriam
1211 2606 1464 2659 Superchz'um.
1494 2606 1539 2642 In
1562 2603 1634 2642 fine
1653 2617 1663 2642 z

250 2694 269 2710 «
294 2675 421 2714 Publii
441 2675 571 2715 Ovidii
590 2675 753 2714 Nasonis
784 2688 896 2727 opera
916 2672 1189 2712 Luc-Antonii
1218 2670 1425 2711 Florentini
1457 2670 1621 2721 impensa
1642 2681 1662 2706 a

244 2742 398 2782 Matheo
417 2741 576 2792 Capcasa
590 2742 789 2780 Parmense
809 2739 1081 2781 accuratissime
1104 2738 1280 2789 impressa
1292 2765 1303 2786 ‚
1321 2745 1392 2777 etc.
1412 2754 1430 2769 υ
1449 2742 1492 2773 ut
1508 2733 1547 2772 in
1564 2733 1661 2772 calce
