1794 3100
230 251 286 294 9²
664 235 714 277 P.
752 234 987 280 ov1D11
1023 235 1200 279 VITA

232 309 455 385 describit,
474 325 626 374 Amor.
642 325 721 374 lib.
738 328 795 385 II,
811 326 880 375 El.
900 339 998 385 XVI,
1014 346 1074 375 vs.
1098 344 1225 386 1-10‚
1242 327 1334 385 ubi,
1359 347 1495 394 quum
1508 329 1646 377 caniti

378 418 381 419 ⁷
446 426 531 460 Pars
546 438 602 460 me
619 424 752 460 Sulmo
767 431 862 460 ten'et
879 426 1015 471 Peligni
1027 429 1126 461 tertia
1143 426 1232 461 ruris
1247 452 1256 470 ‚

219 502 276 550 -id
295 502 440 569 ipsum
467 502 618 559 docet,
644 502 766 569 quod
791 514 835 551 et
855 515 1009 569 postea
1032 503 1196 552 Plim'us
1225 510 1235 529 ¹
1260 504 1531 563 observavit3
1563 505 1651 554 Pe-

229 579 429 646 ltgmorum
465 598 622 648 nempe
654 579 879 643 regionem
901 580 947 627 in
970 591 1058 628 tres
1088 581 1284 630 civitates
1304 619 1316 640 ,
1347 599 1423 629 seu
1454 581 1650 648 populos

227 658 362 706 fuisse
381 657 587 716 divisam,
615 677 728 724 quos
748 657 822 705 hic
844 670 969 706 vocat
994 657 1283 723 Cofim‘enses,
1307 659 1617 727 Superequanos
1631 699 1643 716 ,

229 746 275 783 et
306 733 620 791 Sulmonenses;
652 747 704 784 ut
726 736 773 782 hi
796 735 960 783 suerint
981 736 1118 792 tertia,
1157 736 1312 785 ordine
1339 735 1407 785 vel
1430 753 1650 803 praeroga-

231 813 343 871 tiva,
382 814 521 862 totius
545 814 712 880 Pelaegrni
735 813 850 862 ruris
871 833 997 880 pars,
1035 834 1172 880 quum
1206 810 1466 881 metropolis
1498 826 1611 864 esset
1633 820 1648 839 ²

234 888 468 955 Cofim'um.
492 890 609 938 Hinc
631 909 732 938 vero
756 901 905 938 noster
923 907 967 938 se
985 889 1167 954 Pelzgqmle
1187 899 1325 938 natum
1344 890 1472 956 dicit,
1497 891 1649 938 Amor.

230 965 308 1014 lib.
334 967 378 1014 II
392 1003 403 1023 ‚
429 965 552 1029 Eleg.
580 978 597 1013 Ι
611 1004 622 1024 ,
643 984 752 1014 vers.
784 984 802 1012 1
820 1003 831 1023 ‚
852 977 981 1031 atque
1007 965 1172 1030 Pelegrm‘
1189 965 1292 1013 ruris
1314 966 1548 1022 alumnum,
1570 965 1649 1014 lib.

228 1042 324 1099 ΙΙΙ,
348 1041 470 1104 Eleg.
493 1054 591 1099 XIV,
615 1060 723 1089 vers.
752 1040 780 1088 3
798 1079 809 1099 ‚
834 1041 913 1088 ubi
936 1040 1067 1088 etiam
1090 1059 1199 1089 vers.
1228 1039 1373 1090 8-10:
1398 1068 1414 1094 x

492 1140 639 1183 Pelzgrnae
656 1137 750 1173 dicar
765 1137 874 1184 gloria
886 1141 997 1183 gentis
1008 1138 1022 1159 ³
1040 1151 1105 1184 ego
1122 1153 1131 1181 ;

233 1216 337 1264 hinc
360 1216 489 1282 etiam
510 1215 608 1265 solo
630 1216 799 1282 Pelzgqni
812 1217 988 1265 nomine
1007 1216 1203 1265 Martiali
1223 1216 1446 1274 laudatur,
1477 1215 1554 1264 lib.
1579 1218 1623 1265 II
1639 1253 1651 1274 ‚

236 1292 378 1358 Epist.
403 1305 509 1340 XLI:

538 1388 628 1424 Ride
644 1388 670 1424 si
685 1389 791 1434 sapis,
809 1401 830 1423 ο
850 1389 963 1435 puella
975 1416 984 1434 ,
1002 1390 1077 1425 ride
1091 1416 1100 1434 ‚

539 1449 748 1493 Pizuolws,
766 1456 870 1495 puto,
889 1450 1020 1485 dixerat
1037 1459 1166 1486 PoE‘rA.

230 1533 339 1596 Qua
359 1532 564 1599 degente,
590 1553 681 1581 non
703 1545 848 1582 autem
879 1535 930 1582 de
959 1535 1059 1600 ipso
1092 1545 1244 1600 poeta,
1269 1534 1387 1582 venit
1408 1531 1656 1596 intelligen-

241 1611 346 1659 dum
369 1649 380 1669 ,
414 1611 535 1678 quod
570 1611 718 1660 eadem
741 1612 884 1660 nostri
906 1611 1058 1675 Elegia
1090 1613 1179 1677 jam
1215 1612 1342 1660 citata
1369 1611 1568 1678 proxime
1591 1630 1658 1661 se-

241 1701 393 1755 quitur
410 1709 421 1737 :

456 1789 564 1831 Quam
580 1800 641 1823 sua
656 1788 795 1823 libertas
811 1788 852 1822 ad
868 1788 1014 1823 honesta
1030 1795 1191 1834 coegerat
1208 1800 1307 1823 arma
1320 1801 1330 1830 ;

507 1848 632 1892 Quum
648 1848 765 1883 timuit
778 1852 890 1883 socias
906 1848 1005 1883 anxia
1022 1848 1137 1883 Roma
1153 1860 1281 1883 manus.

240 1925 415 1973 Scilicet
447 1925 704 1988 legendum,
730 1945 820 1974 non
844 1945 957 1993 quem
980 1945 1079 1973 cum
1111 1924 1369 1987 vulgaribus
1400 1923 1553 1981 libris,
1580 1923 1658 1971 sed

242 2021 359 2069 quam
376 2022 474 2051 cum
499 2002 564 2051 Cl.
592 2003 777 2051 Heinsio
798 2022 849 2051 ex
877 2015 1065 2069 quatuor
1087 2003 1206 2051 MSS
1225 2002 1478 2058 codicibus;
1497 2013 1549 2050 ut
1566 2020 1658 2051 sen-

243 2098 317 2128 sus
334 2079 392 2127 sit
407 2116 418 2137 ,
437 2079 647 2142 Pelignos
664 2078 879 2127 libertatis
892 2098 1037 2127 amore
1054 2090 1148 2127 tum
1161 2098 1279 2127 arma
1300 2097 1469 2130 sumere
1483 2090 1660 2128 coactos

243 2177 337 2207 esse
351 2195 363 2216 ,
384 2176 517 2224 quum
539 2159 682 2205 Roma
703 2156 873 2205 bellum
898 2156 1046 2206 timuit
1065 2157 1213 2205 sociale
1228 2196 1241 2213 ,
1264 2157 1387 2223 quod
1400 2167 1449 2206 *et
1465 2157 1659 2206 Italicum

288 2286 300 2305 ¹
325 2283 415 2318 Hist.
433 2283 511 2318 Nat.
529 2282 587 2318 lib.
603 2283 679 2326 ΙΙΙ,
697 2296 770 2329 cap.
789 2297 838 2317 12.

287 2338 303 2358 ²
325 2337 439 2372 Strab.
454 2337 511 2371 lib.
526 2338 576 2380 V,
593 2350 626 2382 p.
643 2337 726 2384 369;
745 2336 837 2371 Vell.
854 2336 988 2372 Patere.
1002 2336 1060 2372 lib.
1075 2336 1133 2380 11,
1151 2349 1224 2383 cap.
1247 2336 1298 2371 ιθ.

287 2390 302 2413 ³
327 2393 384 2428 Sic
400 2401 435 2428 et
456 2394 561 2428 Pom.
581 2393 636 2428 lib.
656 2393 720 2435 IV,
737 2393 802 2438 Ep.
820 2403 895 2438 x1v,
913 2406 1000 2428 vers.
1018 2394 1061 2440 49
1077 2405 1085 2427 z
1102 2407 1120 2423 «
1145 2394 1237 2427 Gens
1248 2403 1327 2426 mea
1337 2392 1484 2435 Peligni,
1494 2390 1661 2436 regioque

246 2448 434 2484 domestica
450 2450 598 2485 Sulmo.»
623 2451 717 2484 Gens
727 2475 736 2491 ‚
755 2449 824 2484 scil.
841 2449 967 2484 eode'm
981 2462 1102 2493 sensu,
1120 2462 1190 2494 quo
1205 2446 1334 2484 Graecis
1349 2450 1443 2490 ἐ’θνος,
1455 2453 1659 2492 usurpatur,

242 2509 516 2551 provinciamque
533 2505 726 2551 significat,
750 2511 792 2540 ut
807 2505 915 2540 altera
929 2518 994 2540 vox
1013 2531 1022 2550 ,
1040 2509 1146 2550 regio,
1176 2504 1332 2549 designat
1351 2502 1519 2548 oppidum
1537 2502 1662 2538 natale.

250 2561 335 2606 Quo
351 2561 459 2595 modo
474 2561 557 2605 lapis
573 2561 610 2595 in
629 2560 731 2607 Syria
747 2573 766 2594 a
786 2559 840 2596 Cl.
852 2562 1048 2596 Maundrell
1059 2560 1248 2606 descriptus
1262 2558 1367 2594 habet
1382 2571 1390 2593 :
1406 2567 1603 2594 MAumnws
1614 2582 1623 2591 .
1635 2583 1642 2591 .
1652 2581 1662 2590 .

249 2627 297 2651 Ex
312 2625 516 2651 Pnovmcm
533 2626 640 2652 mons.
658 2626 786 2652 summ.
801 2626 888 2652 nno.
903 2624 1093 2651 vmmmc.
1108 2615 1201 2650 Alias
1216 2613 1341 2660 passim
1357 2614 1394 2649 in
1408 2612 1663 2658 Inscriptionib.

249 2671 331 2706 urbs
347 2672 457 2717 patrib
471 2678 615 2707 notatur
631 2685 711 2708 voce
739 2683 861 2716 nomm
892 2672 986 2708 unde
1003 2679 1116 2718 patet,
1140 2670 1235 2706 haud
1259 2670 1390 2706 frustra
1418 2668 1549 2705 Ovidio
1574 2667 1665 2711 dici,

250 2731 340 2772 regio
356 2730 546 2764 domestica.
