1794 3100
244 164 270 206 8
614 167 665 210 Ρ.
713 169 953 216 OVIDII
990 172 1292 223 NASONIS

307 257 547 325 Pasiphaes
568 262 713 323 generi
736 264 867 313 verba
887 265 1022 316 fuisse
1040 281 1179 334 putet.
1624 298 1670 339 9⁰

242 337 456 403 Quasque
481 357 560 400 ego
587 341 799 390 transiero
824 361 1001 409 poenas,
1023 346 1217 412 patiatur
1238 361 1282 398 et
1304 350 1432 403 illas:

306 414 487 464 Plenius
510 417 686 480 ingenio
712 419 770 468 sit
792 420 924 471 miser
944 421 1018 471 ille
1043 443 1154 474 meo.

239 495 357 542 Neve
380 494 525 543 minus
547 495 719 545 valeant
738 496 888 547 fictum
911 503 1172 552 exsecrantia
1192 522 1355 555 nomen

305 571 418 618 Vota
434 608 446 629 ‚
470 571 618 621 minus
641 592 825 636 magnos
850 590 1206 627 commoveantve
1227 581 1348 630 Deos
1367 601 1378 639 ;

240 646 372 695 Illum
396 667 478 711 ego
503 649 719 710 devoveo,
746 670 875 717 quem
898 672 1021 703 mens
1042 655 1274 720 intelligit,
1300 658 1428 718 Ibin;
1622 675 1667 722 95

308 725 400 788 Qui
425 744 471 774 se
494 726 578 774 scit
599 726 725 776 factis
749 728 827 776 has
852 731 1059 780 meruisse
1079 732 1243 798 preces.

241 800 376 850 Nulla
396 822 519 852 mora
544 805 679 852 est-in
701 824 770 854 me
792 825 801 854 :
823 825 1025 873 peragam
1048 821 1141 858 rata
1165 823 1271 859 vota
1291 811 1520 861 sacerdos:

309 878 528 945 Quisquis
552 880 655 929 ades
679 882 837 940 sacris,
863 903 936 932 ore
960 885 1121 942 favete,
1146 887 1266 935 meis.

242 954 462 1021 Quisquis
489 955 591 1004 ades
617 958 774 1015 sacris,
794 957 1155 1022 lugubriadicite
1178 962 1336 1022 verba,

307 1035 366 1080 Et
389 1033 494 1081 ssetu
519 1035 705 1084 madidis
727 1036 831 1083 Ibin
857 1037 971 1085 adite
995 1039 1148 1101 genis:

1609 1067 1671 1090 too

245 1111 574 1178 Ominibusque
596 1112 722 1161 malis
736 1151 747 1170 ‚
771 1114 1050 1183 pedibusque
1073 1118 1291 1166 occurrite
1312 1117 1455 1176 laevis,

307 1190 368 1236 Et
392 1189 527 1251 nigrae
546 1201 686 1239 vestes
710 1211 895 1257 corpora
917 1205 1058 1242 vestra
1080 1206 1243 1256 tegant.

241 1267 310 1313 Tu
338 1286 517 1332 quoque
532 1306 543 1325 ,
571 1268 679 1334 quid
701 1269 877 1318 dubitas
900 1270 1053 1319 ferales
1077 1291 1247 1325 sumere
1271 1273 1436 1321 vittas?
1467 1318 1470 1320 .

307 1344 405 1389 Jam
430 1354 540 1401 stat,
567 1356 617 1391 ut
639 1344 732 1410 ipse
757 1345 896 1403 vides,
920 1347 1084 1394 funeris
1104 1367 1175 1395 ara
1204 1347 1282 1396 tui.

243 1423 412 1488 Pompa
437 1433 587 1488 parata
614 1422 697 1470 tibi
722 1434 788 1470 est
809 1443 818 1470 :
839 1424 951 1472 votis
976 1443 1096 1472 mora
1121 1425 1324 1473 tristibus
1348 1425 1492 1475 absit:
1604 1442 1663 1476 105

307 1501 376 1547 Da
396 1499 601 1565 jugulum
627 1500 804 1558 cultris,
831 1501 974 1550 hostia
999 1503 1116 1560 dira,
1141 1504 1263 1551 meis.

243 1580 378 1626 Terra
402 1578 485 1626 tibi
508 1576 842 1641 frugesfamnis
865 1580 947 1627 tibi
969 1580 1153 1643 deneget
1171 1581 1337 1639 undas;

284 1703 338 1737 90.
348 1692 536 1734 Pasejohaes
546 1695 668 1735 generi.
679 1692 858 1726 Theseum
869 1692 921 1726 in-

244 1743 319 1777 nuit
329 1768 338 1785 ,
350 1743 394 1776 ob
407 1743 547 1778 ductam
561 1743 753 1777 Ariadnam
766 1770 774 1785 ,
789 1744 919 1778 Minois

241 1802 276 1831 et
292 1795 477 1840 Pasiphaes
492 1795 610 1829 filiam.
621 1795 752 1830 Sensus
764 1802 814 1830 est
826 1811 833 1836 ;
847 1803 919 1830 tam

241 1854 315 1882 rata
333 1860 372 1882 ac
389 1855 481 1882 certa
501 1860 579 1881 mea
598 1848 763 1893 sintzvota
784 1854 819 1881 et
838 1861 919 1882 ver-

239 1902 283 1935 ba
295 1927 304 1943 ,
333 1913 438 1945 quam
456 1899 605 1942 Thesei,
632 1900 757 1944 quibus
773 1900 918 1945 Hippo-

242 1953 312 1998 lyto
339 1952 411 1985 filio
437 1951 511 1986 dira
529 1951 643 1991 vovit;
671 1950 748 1985 vide
771 1951 917 1996 Argum.

242 2005 349 2050 Epist.
363 2005 378 2038 Ι
384 2005 432 2047 V,
446 2003 591 2038 Heroid.
604 2001 710 2037 Ovid.
722 2003 874 2038 DEssm..

283 2072 335 2105 9¹·
351 2060 486 2092 Poeaas.
494 2056 587 2092 Octo
595 2068 776 2101 poenarum
790 2069 918 2101 genera

237 2111 274 2145 in
288 2110 419 2156 legibus
437 2109 564 2145 Cicero
580 2109 707 2144 tradit:
723 2108 892 2143 damnum
904 2135 914 2153 ,

237 2163 487 2208 ignominiam,
505 2162 709 2197 servitutem
723 2187 733 2205 ,
754 2161 892 2197 vincula
904 2188 914 2205 ,

239 2216 384 2250 verbera
395 2241 405 2258 ,
418 2214 583 2249 talionem
594 2213 766 2256 ,exsilium
779 2221 813 2249 et
823 2226 915 2248 mor-

237 2275 320 2304 tem.
344 2269 436 2303 ZAR.
452 2286 495 2293 —
513 2268 545 2301 T
540 2269 696 2302 ransiero.
714 2267 916 2301 Transt'ert'm

238 2334 340 2355 unus

281 2387 334 2421 92.
359 2374 497 2408 Plenius
513 2373 646 2416 ingenio
670 2374 718 2405 sil
739 2374 840 2405 miser
855 2372 916 2405 ille

239 2436 319 2459 meo.
339 2423 475 2458 Eodem
494 2436 597 2458 sensu
613 2422 710 2467 capio
723 2421 818 2457 hunc
832 2434 914 2456 ver-

238 2489 316 2511 sum
324 2476 454 2511 Valerii
472 2475 617 2510 Catonis
631 2478 667 2509 in
678 2475 772 2509 Diris
788 2487 798 2508 ,·
815 2488 832 2504 «
845 2486 914 2508 no-

235 2530 313 2565 stris
330 2534 497 2572 superent
517 2527 591 2562 haec
609 2526 765 2562 carmina
781 2526 879 2561 votis.
893 2541 911 2557 »

282 2582 335 2629 93.
353 2582 443 2615 Neve
462 2583 572 2614 minus
592 2585 744 2614 noceant.
763 2579 805 2613 Iu
828 2591 912 2613 car-

237 2632 331 2666 mine
344 2643 413 2676 quo
423 2630 543 2676 aliquis
553 2629 760 2675 devovebat,
771 2643 911 2666 necesse

238 2689 313 2718 erat
336 2683 517 2728 proprium
538 2693 670 2717 nomen
694 2682 908 2726 exprimere;

987 1693 1139 1738 alioquin
1148 1706 1265 1738 preces
1275 1701 1375 1728 erant
1387 1694 1521 1730 inanes.
1529 1695 1606 1729 Hac
1618 1695 1662 1730 de

985 1759 1084 1780 causa
1092 1746 1242 1780 Romani
1252 1759 1384 1781 nomen
1393 1747 1489 1782 urbis
1497 1747 1662 1782 Latinum

985 1805 1117 1833 exstare
1134 1798 1348 1842 noluerunt,
1368 1812 1412 1833 ne
1426 1799 1469 1833 ab
1482 1799 1580 1834 hoste
1595 1799 1664 1835 de-

984 1850 1102 1884 voveri
1126 1857 1258 1895 posset;
1281 1850 1360 1884 vide
1388 1850 1477 1886 Plin.
1502 1850 1560 1886 lib.
1580 1852 1660 1895 ΙΙΙ,

984 1916 1057 1948 cap.
1069 1907 1111 1946 5,
1125 1911 1160 1938 et
1175 1903 1232 1937 lib.
1245 1904 1406 1939 XXVIII
1417 1918 1515 1951 ‚.cap
1527 1918 1565 1947 ²3
1582 1905 1661 1939 Ma-

984 1955 1077 1990 crob.
1092 1930 1148 1990 lib.
1166 1955 1244 1999 ΙΙΙ,
1263 1968 1335 2000 cap.
1355 1969 1387 2002 9.

1026 2006 1079 2052 98.
1107 2008 1172 2040 Ore
1189 2006 1314 2049 favete.
1345 2010 1511 2052 Εὐῗεμεῒτε
1530 2032 1540 2049 ,
1567 2006 1660 2041 bona

982 2057 1087 2091 verba
1112 2057 1227 2093 dicite.
1252 2059 1276 2092 J
1279 2071 1379 2093 uven.
1408 2060 1552 2101 linguis·
1574 2062 1660 2093 ani-

982 2110 1246 2154 tnisquesavelffi·
1264 2110 1390 2156 virgil.
1404 2110 1436 2142 V
1448 2110 1591 2145 AEneid.
1608 2123 1659 2154 71.

981 2163 1094 2196 —Ore
1101 2162 1220 2207 favete
1235 2176 1358 2197 omnes.
1377 2162 1446 2197 Alii
1460 2175 1524 2208 pro
1538 2165 1658 2204 s1‘lele,·

979 2212 1059 2247 vide
1071 2213 1201 2248 Laevin.
1215 2211 1382 2248 Tot-rent.
1394 2214 1430 2248 in
1444 2214 1568 2248 Horat.
1581 2213 1636 2248 ΙΙΙ
1646 2238 1656 2256 ,

981 2263 1052 2299 Od.
1070 2277 1083 2299 1
1098 2283 1107 2309 ¹,
1126 2279 1173 2300 vs.
1190 2280 1221 2299 2.

1028 2331 1040 2351 1
1046 2330 1100 2350 02.
1107 2319 1156 2352 Et
1163 2322 1265 2362 nigra.-
1273 2324 1391 2352 vestes.
1399 2317 1490 2352 Nam
1501 2328 1596 2350 sacra
1606 2315 1657 2350 in-

978 2369 1126 2404 fernalia
1137 2370 1393 2416 peragebantur
1402 2367 1532 2402 indutis
1542 2380 1657 2403 sacer·-

979 2421 1118 2457 dotibus
1127 2429 1221 2457 veste
1236 2422 1333 2466 nigra
1343 2445 1354 2463 ,
1371 2432 1438 2465 qua
1449 2419 1655 2454 umbrarum

978 2473 1243 2509 similitudinem
1261 2472 1568 2517 repraesentabant.

1027 2526 1099 2560 103.
1110 2527 1245 2560 Fatales
1255 2527 1369 2558 vittas.
1382 2522 1558 2558 Caeruleas
1568 2549 1578 2566 ,
1593 2535 1654 2557 seu

979 2584 1069 2612 atras
1080 2592 1088 2619 ;
1103 2576 1259 2612 Turneb.
1270 2575 1292 2609 l.
1303 2575 1404 2618 XIV,
1417 2588 1445 2610 c.
1460 2576 1490 2618 4.
1500 2574 1653 2609 Dassa.

1017 2632 1088 2665 105.
1097 2632 1358 2672 Pompapamta.
1370 2627 1461 2664 Redi
1474 2627 1515 2662 ad
1527 2625 1651 2668 tom.I,

977 2696 1050 2730 pag.
1068 2685 1150 2727 522,
1171 2694 1220 2718 vs.
1235 2683 1305 2727 ¹47·
