1794 3100
241 226 328 286 375
574 224 877 274 NOTITIA
912 225 1303 269 LITERARIA

301 320 363 362 ΙΙ.
388 317 572 365 Carmen
585 318 901 375 Panegyricum
915 317 979 359 ad
990 317 1263 378 Calpurnium
1276 319 1500 367 Pisonem,
1522 316 1643 378 quod

239 393 413 435 Lucano
435 389 488 432 ab
511 389 604 431 aliis
622 387 849 439 tribuitur.
873 388 989 433 Vide
1009 426 1020 450 Ἰ
1044 391 1078 432 si
1100 390 1263 450 placet,
1291 406 1386 451 quae
1406 389 1522 434 dicta
1535 397 1644 433 sunt

242 466 288 507 in
307 463 446 508 Catal.
467 461 625 521 Virgil.

302 548 386 590 III.
408 544 565 604 Elegia
582 544 636 587 de
654 542 911 597 Philomela,
936 546 1027 589 sive
1046 545 1101 588 de
1116 546 1295 590 vocibus
1314 547 1458 608 avium
1474 561 1523 588 ac
1538 544 1646 606 qua-

240 615 513 675 drupedum,
541 622 586 656 et
603 613 765 667 verbis,
793 615 952 674 quibus
982 615 1064 659 illae
1085 615 1202 676 aqud
1229 617 1406 659 Latinos
1428 614 1643 658 denotan-

240 697 329 732 tur.
360 688 458 730 Non
478 684 626 730 Ovidii
639 719 652 738 ,
675 685 748 727 sed
774 689 1041 745 grammatici
1063 697 1287 748 utcunque
1303 689 1462 732 veteris
1484 686 1644 732 Chris·

239 759 349 801 tiani
370 773 458 800 esse
480 755 653 799 videtur
678 757 833 800 Vossio
847 757 934 800 lib.
967 758 1073 810 Ide
1095 761 1214 802 vitiis
1235 760 1470 812 sermonis,
1492 775 1530 801 c.
1568 755 1644 812 143

242 838 285 871 et
307 830 376 872 III
397 828 450 871 de
472 826 748 881 Idololatria,
782 847 820 872 c.
848 828 922 889 49.
946 830 1108 874 Confer
1131 831 1187 873 A.
1220 829 1393 873 Schotti
1431 828 1650 873 Observa-

241 901 379 943 tiones
401 900 618 953 Poeticas,
651 916 746 959 cap.
776 901 848 943 52.
884 901 976 945 Sub
999 901 1123 946 Alhii
1147 902 1297 947 Ovidii
1320 902 1552 946 Juventini'
1570 914 1651 942 no-

243 971 358 1012 mine
392 968 534 1011 edidit
563 969 816 1023 Goldastus,
854 970 1048 1025 subjecta
1082 972 1190 1015 Julii
1223 971 1397 1032 Sperati
1430 970 1567 1030 elegia
1595 967 1651 1012 de

244 1037 500 1082 Philomela.
526 1041 594 1082 De
618 1039 773 1082 eodem
804 1050 1061 1100 argumento
1082 1041 1317 1085 diatribam
1334 1058 1378 1085 se
1408 1042 1647 1101 scripsisse,

241 1119 422 1154 testatus
453 1119 517 1155 est
547 1113 605 1155 ls.
644 1112 924 1156 casaubonus
961 1113 1018 1156 ad
1050 1115 1325 1158 Antoninum
1358 1111 1652 1158 GetamAElii

241 1183 270 1227 S
275 1185 460 1243 partiani
474 1217 487 1237 ,
512 1200 598 1244 qua
619 1200 721 1244 opes
737 1187 900 1245 graeciae
917 1187 963 1228 in
980 1187 1108 1240 hujus
1126 1189 1297 1245 generis
1317 1186 1537 1230 vocabulis
1554 1199 1652 1233 cum

240 1264 498 1315 paupertate
518 1259 727 1304 sermonis
749 1257 874 1300 latini
895 1274 984 1301 non
1003 1260 1193 1319 segniter
1213 1260 1273 1301 ait
1297 1274 1341 1301 se
1365 1271 1649 1317 comparasse.

243 1328 346 1371 Haec
361 1328 606 1371 casauboni
622 1327 812 1371 diatriba
827 1345 1052 1389 nunquam
1067 1330 1211 1373 lucem
1228 1329 1340 1372 vidit
1357 1328 1477 1389 quod
1489 1330 1620 1371 sciam
1639 1343 1650 1370 :

242 1401 357 1442 sicut
377 1400 601 1443 intercidit
619 1401 916 1460 Theophrasti
931 1401 1051 1444 'liber
1071 1405 1150 1456 περὶ
1170 1405 1386 1456 ἑτεροφωνίας
1400 1412 1467 1442 τῶν
1482 1405 1652 1455 ὁμογενῶν

247 1477 363 1522 ςῶων,
384 1481 646 1516 memoratus
673 1474 875 1526 Laertio,
897 1474 955 1526 V,
982 1474 1098 1518 Sect.
1122 1473 1205 1529 43,
1235 1484 1279 1518 et
1302 1475 1538 1527 Athenaeo,
1562 1474 1650 1527 IX,

243 1559 340 1603 pag.
370 1545 480 1603 3903
505 1543 581 1585 ubi
603 1559 652 1585 ex
671 1558 722 1585 eo
753 1543 914 1597 refert,
951 1543 1153 1604 perdices
1174 1545 1268 1588 aliis
1290 1547 1337 1588 in
1360 1545 1469 1588 locis
1491 1543 1656 1583 κακκᾱὸέ-

248 1625 340 1666 ζειν,
362 1617 408 1658 in
438 1615 531 1658 aliis
552 1618 769 1664 τιττυὸίζειν-
796 1617 984 1658 Interim
1005 1615 1060 1659 de
1090 1617 1270 1678 vocibus
1299 1616 1553 1660 animalium
1564 1631 1583 1669 ‚'
1611 1623 1659 1658 'et

247 1687 302 1730 de
324 1688 492 1741 verbis,
525 1688 684 1747 quibus
713 1688 787 1731 ille
810 1687 928 1747 apud
950 1689 1124 1732 Graecos
1145 1691 1412 1751 Latinosque
1435 1689 1659 1750 appellan-

245 1767 320 1802 tur
348 1759 512 1803 consuli
545 1768 727 1819 possunt
759 1760 910 1802 Joach.
946 1761 1221 1804 Camerarius
1259 1763 1305 1804 in
1340 1761 1659 1804 commentariis

246 1833 481 1895 utriusque
512 1832 692 1891 linguae,
727 1849 824 1893 pag.
859 1835 939 1893 198
973 1850 1065 1894 seq.
1099 1835 1171 1877 Jo.
1210 1836 1412 1877 Textoris
1438 1833 1653 1886 Officina,

249 1922 346 1966 pag.
382 1899 616 1965 280'seq.3
651 1905 793 1949 Andr.
818 1906 1048 1960 Schottus,
1085 1908 1147 1950 ΙΙ.
1183 1908 1207 1948 5
1220 1923 1264 1962 ¹3
1298 1907 1526 1950 Observat.
1562 1907 1658 1950 Hu-
1691 1964 1695 1967 .

247 1996 364 2022 man.
393 1978 534 2021 Julius
567 1979 707 2022 Caesar
733 1975 1000 2038 Bulengerus
1028 1979 1082 2022 de
1114 1982 1346 2023 venatione
1380 1981 1521 2033 Circi,
1559 1995 1652 2039 cap.

249 2067 304 2094 20
320 2085 332 2104 ,
356 2067 452 2111 pag.
480 2051 535 2110 76
554 2067 645 2110 seq.
669 2050 844 2110 Samuel
874 2051 1112 2094 Bochartus
1139 2053 1185 2094 in
1211 2051 1363 2095 limine
1384 2052 1652 2104 Hierozoici‚

251 2133 295 2167 et
308 2123 434 2167 Frid.
451 2123 721 2166 Hofmannus
742 2125 788 2165 in
807 2124 1161 2183 Epigrammatis‚
1182 2141 1280 2185 pag-¹
1300 2125 1379 2168 158
1396 2141 1488 2184 seq.
1509 2125 1658 2168 Graeca

252 2194 450 2256 quaedam
467 2194 520 2237 de
537 2195 717 2237 vocibus
738 2195 989 2238 animalium
1010 2197 1216 2239 vocabula
1236 2196 1367 2239 habes
1385 2195 1503 2256 apud
1521 2197 1659 2240 Caesa-

252 2269 368 2310 rium
390 2284 464 2327 qu.
505 2267 743 2310 LXXVIII
762 2299 774 2319 ,
809 2283 907 2327 pag.
936 2269 1021 2310 218
1057 2286 1067 2312 2
1100 2266 1235 2310 latina
1265 2266 1384 2327 apud
1414 2267 1660 2310 Ausonium

252 2341 404 2399 Epigr.
429 2340 638 2383 LXXVI.
666 2338 754 2382 Sed
781 2338 835 2381 de
868 2339 1114 2392 vocabulis,
1154 2339 1313 2399 quibus
1335 2339 1475 2382 Graeci
1511 2346 1553 2380 et
1577 2339 1661 2381 La-

253 2414 335 2455 tini
349 2423 359 2438 ¹
383 2428 506 2456 voces
523 2413 668 2454 avium
684 2420 726 2453 et
743 2410 928 2454 aliorum
943 2409 1193 2461 animalium
1212 2411 1480 2470 exprimunt,
1503 2417 1662 2469 praeter

257 2492 354 2526 ante
375 2484 590 2536 laudatos,
618 2491 662 2526 et
679 2482 919 2542 Apuleium
941 2484 986 2524 in
1012 2481 1202 2525 Floridis
1217 2514 1229 2534 ,
1253 2482 1538 2524 Vincentium
1560 2478 1660 2524 Bel-

257 2555 528 2598 lovacensem
554 2556 716 2607 XXII,
741 2555 796 2610 63
828 2554 1006 2614 Speculi
1038 2552 1244 2597 naturalis
1271 2559 1323 2595 'ex
1352 2552 1465 2595 libro
1489 2552 1657 2610 Papiae,

300 2694 310 2712 ¹
338 2689 521 2725 Chaldaica
539 2691 616 2726 vide
631 2691 666 2725 in
684 2691 839 2736 Tar-gum
856 2690 1009 2725 secundo
1024 2689 1101 2725 libri
1112 2688 1238 2724 Esther
1250 2714 1260 2732 ‚
1282 2699 1353 2732 cap.
1377 2701 1390 2722 1
1413 2693 1448 2721 et
1463 2699 1491 2719 2,
