1794 3100
566 240 695 284 PER
729 241 772 283 J.
807 238 1112 284 MASSON.
1467 255 1556 299 219

130 359 155 382 »
181 337 268 395 ait,
288 334 399 385 mihi
414 333 630 401 fratrique
644 351 764 391 meo,
782 334 897 381 inter
913 332 1162 399 praecipuos
1183 331 1311 380 donis
1324 331 1562 381 adornatos

129 435 153 458 »
178 412 324 470 viroS,
359 410 564 460 comitari
599 409 799 473 contigit.
838 431 865 453 »f
907 408 1151 457 Suetonius
1182 407 1335 456 itidem
1372 408 1529 455 scribit
1549 428 1559 456 ε

129 513 153 535 «
181 488 390 540 Tiberium
427 487 743 556 tn'umphantem
781 497 1045 553 prosecutos
1075 504 1161 554 esse
1195 485 1324 534 etiam
1359 484 1529 548 legatos
1549 523 1561 543 ,

132 587 157 610 »ι
185 565 352 632 quibus
379 563 665 631 triumphalia
686 574 943 611 ornamenta
966 562 1235 628 impetrarat.
1262 584 1284 604 »

195 647 257 696 V.
280 644 423 693 Unde
458 642 615 701 simul,
642 655 694 693 ut
715 643 808 691 hoc
856 641 1092 699 addamus,
1126 639 1437 704 intelliguntur
1467 658 1565 706 quae

124 724 290 772 Noster
325 722 556 772 Messalino
589 721 775 778 scribit,
805 720 951 787 Epist.
993 733 1058 777 11,
1094 719 1295 774 eumdem
1317 736 1564 767 memorans

127 800 432 869 triumphum,
462 819 573 862 vers.
596 798 778 860 81-84:

347 902 426 948 Ipse
441 900 655 944 (Tiberius)
674 911 779 944 super
795 910 941 934 currum
959 896 1095 943 placido
1111 894 1304 942 spectabilis
1321 907 1382 930 ore

395 963 576 1009 Tempora
592 961 746 999 Phoebea
762 959 897 1007 virgine
913 972 1001 995 nexa
1016 959 1105 994 tulit.

351 1025 475 1071 Quem
483 1027 547 1069 pia
562 1032 752 1058 voniscum
762 1024 875 1068 proles
891 1020 1071 1057 comitavit
1087 1027 1232 1056 euntem
1245 1046 1256 1064 ,

391 1086 511 1132 Digna
529 1091 674 1131 parente
691 1097 771 1127 suo,
788 1083 1061 1129 nominibusque
1079 1082 1166 1117 datis
1181 1107 1191 1125 ,
1215 1088 1280 1116 etc.

112 1156 398 1217 *Messalinus
419 1182 577 1232 nempe
599 1183 649 1213 ex
675 1163 764 1212 illis
791 1175 884 1212 erat
907 1162 1063 1226 legatis
1080 1200 1091 1219 ‚
1116 1161 1282 1227 quibus
1309 1171 1565 1208 ornamenta

129 1245 415 1314 triumphalia
451 1244 573 1293 fuere
600 1243 702 1292 data
718 1282 730 1301 ,
756 1243 816 1291 ob
848 1261 918 1291 res
940 1243 988 1289 in
1015 1240 1136 1290 bello
1159 1239 1336 1307 Illyrico
1362 1238 1567 1306 praeclare

129 1334 299 1387 gestas,
322 1333 376 1370 ut
404 1320 668 1369 nominatim
701 1317 897 1367 Velleius
926 1324 936 1343 ¹
967 1317 1020 1366 de
1045 1318 1145 1384 ipso
1182 1328 1368 1365 testatur
1400 1317 1568 1364 Messa-

128 1401 243 1460 lino;
270 1401 437 1469 quique
459 1399 569 1448 adeo
594 1397 824 1447 Tiberium
847 1398 893 1446 in
916 1415 1080 1465 pompa
1095 1394 1355 1463 triumphali
1373 1401 1389 1419 ²
1409 1404 1566 1443 euntem

131 1478 345 1528 comitavit.
365 1478 500 1527 Hunc
515 1477 663 1544 ipsum
680 1476 900 1524 honorem
918 1475 1064 1524 adhuc
1084 1473 1228 1538 tangit
1246 1492 1310 1521 vs.
1332 1490 1389 1538 91
1415 1484 1459 1520 et
1478 1489 1539 1538 92
1557 1491 1568 1519 :

349 1578 461 1613 Hunc
476 1576 560 1613 colis
572 1603 582 1620 ,
600 1583 681 1612 ante
700 1575 795 1612 diem
813 1589 877 1622 per
892 1588 1000 1621 quem
1017 1574 1158 1610 decreta
1175 1571 1353 1616 merenti,

398 1639 511 1675 Venit
526 1638 707 1674 honoratis
723 1641 839 1673 laurea
855 1637 962 1684 digna
975 1637 1093 1672 comis.

127 1721 201 1770 Sic
225 1711 436 1768 nimirum
459 1719 566 1782 legit
592 1717 647 1767 el.
682 1719 778 1766 Nic.
804 1717 1042 1774 Heinsius,
1078 1715 1275 1783 priorem
1310 1732 1485 1763 versum
1515 1712 1570 1760 de

126 1797 311 1848 Tiberio
331 1797 606 1861 intelligens,
633 1796 711 1864 qui
738 1795 986 1845 Messalino
1010 1794 1203 1843 lauream
1228 1805 1330 1843 ante
1352 1793 1469 1841 diem
1497 1791 1571 1839 de-

129 1877 325 1927 creverit.
350 1877 517 1925 Verum
537 1875 711 1934 malim,
739 1894 878 1942 quum
905 1874 1079 1924 codices
1116 1874 1226 1922 varii
1249 1874 1359 1931 sint,
1385 1873 1438 1921 de
1470 1871 1569 1938 ipso

130 1958 338 2020 Augusto
356 1955 504 2004 locum
523 1953 768 2018 intelligere
782 1992 793 2012 ,
816 1973 897 2022 per
916 1972 1047 2020 quem
1061 1990 1072 2011 ,
1094 1971 1186 2000 non
1210 1971 1315 2000 vero
1332 1970 1413 2018 per
1433 1950 1573 1999 Tibe-

132 2035 276 2093 rium,
300 2052 380 2083 eeu
401 2052 618 2082 summam
638 2052 786 2082 rerum
812 2044 1033 2096 gerentem
1060 2030 1206 2080 laurea
1233 2031 1279 2078 S.
1307 2031 1359 2079 C.
1385 2029 1574 2079 ducibus

135 2114 305 2163 decreta
325 2125 404 2162 est.
425 2113 599 2161 Idcirco
623 2112 685 2162 sic
706 2112 858 2179 potius
876 2112 1013 2161 istum
1030 2110 1223 2175 legerem
1241 2109 1507 2158 versiculum
1528 2129 1539 2157 ε

359 2213 470 2247 Hunc
483 2211 566 2248 colis
581 2218 663 2249 ante
681 2211 802 2248 Dium
815 2238 824 2256 ,
843 2224 907 2257 per
922 2224 1030 2257 quem
1048 2211 1189 2247 decreta
1207 2210 1362 2246 merenti

400 2274 534 2317 Venit,
556 2280 623 2308 etc.

179 2372 190 2390 ¹
215 2369 292 2405 Lib.
310 2369 371 2413 ll,
388 2382 462 2414 cap.
484 2382 556 2403 112.

179 2431 196 2450 ²
220 2429 333 2475 Cuius
348 2430 441 2465 vocis
456 2429 533 2465 loco
548 2429 641 2465 male
663 2429 704 2464 cl.
729 2429 805 2465 Nic.
833 2429 1002 2466 Heinsius
1030 2437 1182 2467 ovantem
1202 2428 1450 2475 reponendum
1478 2428 1578 2463 arbi—-

138 2493 249 2524 tratur
262 2513 272 2531 ,
288 2487 382 2533 quod
400 2488 563 2523 Tiberius
581 2488 625 2523 ob
643 2500 698 2522 res
714 2487 806 2522 bello
823 2487 1038 2523 Germanico
1054 2495 1165 2534 gestas
1181 2495 1216 2523 et
1231 2499 1335 2522 ovans
1357 2493 1392 2521 et
1404 2499 1502 2521 curru
1517 2499 1582 2521 ur-

135 2546 208 2579 bem
227 2547 396 2588 ingressus
416 2550 485 2586 est,
503 2544 678 2579 scribente
705 2543 880 2578 Suetonio
894 2570 903 2586 ‚
930 2543 988 2578 lib.
1006 2544 1063 2578 111
1075 2570 1085 2588 ,
1102 2556 1176 2589 cap.
1189 2557 1220 2591 9.
1247 2540 1358 2588 Atqui
1374 2542 1401 2578 is
1417 2542 1484 2578 hoc
1501 2542 1579 2578 loco

136 2599 179 2634 de
199 2599 304 2634 rebus
320 2598 478 2645 loquitur
493 2613 512 2634 a
529 2600 675 2635 Tiberio
690 2599 795 2645 gestis
811 2613 867 2634 an.
884 2600 932 2634 U.
950 2599 991 2634 C.
1011 2610 1168 2644 nccxzv,
1186 2613 1224 2635 ac
1239 2599 1374 2644 subseq.
1391 2612 1461 2645 quo
1477 2606 1577 2633 tem-

136 2667 222 2701 pore
248 2655 434 2691 Tiberinum
456 2669 576 2691 ovasse
602 2655 709 2691 tradit
734 2669 872 2701 quoque
898 2655 1077 2699 Velleius,
1094 2656 1153 2691 lib.
1177 2656 1235 2700 11,
1255 2669 1328 2701 cap.
1342 2656 1405 2704 96,
1424 2668 1463 2690 ac
1479 2654 1550 2689 Dio
1565 2679 1575 2698 ,

135 2710 194 2747 lib.
211 2712 289 2754 LV,
306 2726 382 2759 pag.
401 2715 465 2761 549
478 2740 487 2757 ,
507 2712 602 2758 quod
628 2725 703 2747 non
726 2719 802 2747 erat
821 2711 1116 2748 confundendum
1142 2725 1225 2748 cum
1247 2711 1428 2757 triumpho
1453 2709 1577 2757 viginti

137 2776 216 2815 post
230 2769 329 2806 annis
344 2769 465 2815 ducto,
481 2776 517 2805 et
534 2768 680 2815 quidem
691 2768 736 2803 ob
751 2782 806 2804 res
822 2769 1057 2812 Pannonicas,
1074 2775 1139 2806 etc.
1150 2781 1224 2804 non
1240 2781 1325 2804 vero
1336 2766 1574 2803 Germanicas.
