1794 3100
760 230 925 275 IBIS.
1514 233 1563 273 15

118 326 212 391 Qui
234 324 390 384 simul,
416 326 593 393 impura
614 326 770 376 matris
792 325 1034 393 prolapsus
1059 325 1115 375 ab
1138 324 1239 374 alvo
1253 363 1266 383 ,

183 404 450 472 Cinyphiam
474 404 594 454 soedo
619 423 807 472 corpore
830 405 993 472 pressit
1017 404 1232 463 humum;

118 483 240 533 Sedit
262 484 308 532 in
332 483 516 534 adverso
538 495 787 533 nocturnus
807 482 998 533 culmine
1021 483 1149 533 bubo
1166 522 1179 544 ,

1501 500 1567 534 225

180 562 471 629 Funereoque
494 580 647 625 graves
671 562 813 611 edidit
838 581 912 610 ore
937 580 1088 612 sonos.

116 640 330 692 Protinus
351 641 622 691 Eumenides
646 640 790 691 lavere
812 641 1094 709 palustribus
1115 640 1252 701 ulvis,

182 719 287 784 Qua
308 739 409 769 cava
433 720 486 769 de
511 720 679 788 Stygiis
697 710 885 770 fluxerat
905 719 1026 769 unda
1050 720 1195 778 vadis;

115 796 390 866 Pectoraque
413 811 637 849 unxerunt
660 800 841 849 Erebeae
860 798 962 848 felle
988 798 1187 847 colubrae
1203 837 1216 855 ‚

181 877 358 945 Terque
381 890 632 928 cruentatas
656 879 915 946 increpuere
934 897 1094 927 mallus
1115 898 1125 926 Ζ

121 952 403 1023 Gutturaque
424 955 685 1005 imbuerunt
706 955 895 1004 infantia
914 954 1027 1004 lacte
1046 955 1206 1003 canino
1223 975 1234 1013 3

185 1032 272 1080 Hic
297 1034 468 1099 primus
490 1034 620 1100 pueri
641 1035 764 1082 venit
786 1034 833 1081 in
854 1053 931 1083 ora
956 1033 1099 1082 cibus.

49 1159 51 1161 .
118 1110 325 1160 Perbibit
347 1112 451 1161 inde
477 1132 567 1162 suae
589 1113 760 1162 rabiem
782 1112 973 1160 nutricis
995 1111 1226 1170 alumnus,

182 1190 337 1238 Latrat
357 1203 402 1239 et
426 1191 473 1239 in
497 1202 595 1239 toto
618 1191 751 1239 verba
777 1191 935 1239 canina
956 1189 1068 1239 for-o.

118 1267 412 1337 Membraque
434 1269 673 1318 vinxerunt
696 1269 850 1317 tinctis
869 1268 1093 1332 ferrugine
1117 1268 1304 1335 pannis,

1504 1284 1569 1318 235

181 1346 226 1394 A
248 1345 361 1405 male
383 1346 559 1396 deserto
585 1366 700 1414 quos
725 1363 912 1413 rapuere
935 1364 1078 1409 rogo:

117 1424 195 1483 Et,
219 1442 274 1472 ne
296 1443 390 1472 non
411 1423 575 1473 fultum
597 1424 718 1473 nuda
742 1423 906 1473 tellure
927 1424 1116 1490 jaceret,

183 1501 325 1550 Molle
344 1522 479 1570 super
499 1502 645 1553 silices
669 1503 934 1570 imposuere
947 1513 1094 1569 caput.

116 1612 191 1648 dies
213 1613 322 1649 festos
344 1614 568 1650 continentes
581 1641 591 1658 ,
616 1613 749 1650 redacti
767 1614 804 1648 in

117 1665 285 1702 volumen
299 1679 319 1701 a
331 1665 402 1702 Cn.
414 1667 536 1703 Flavio
545 1694 555 1711 ,
573 1666 685 1704 scriba
698 1667 806 1714 Appii

117 1715 236 1762 Caeci,
260 1725 359 1753 tanta
385 1718 496 1766 gratia
522 1718 615 1765 apud
640 1718 802 1765 plebem,

116 1785 227 1818 quum
234 1771 476 1816 eosedidisset‚
485 1780 524 1807 ut
532 1780 669 1808 creatus
676 1773 719 1807 sit
726 1771 806 1807 aedi-

115 1823 156 1859 lis
171 1825 301 1860 curulis
318 1850 328 1868 ,
354 1825 542 1871 praeteritis
565 1825 704 1860 duobus
727 1824 806 1869 filiis

115 1876 302 1912 consulum
314 1889 414 1912 :nam
425 1904 434 1922 ,
452 1885 533 1913 ante
552 1877 658 1913 libros
670 1877 746 1913 illos
762 1877 806 1912 ab

117 1941 161 1964 eo
173 1925 284 1965 editos
292 1955 302 1973 ,
313 1929 505 1976 cogebatur
516 1929 612 1976 plebs
628 1930 812 1973 rationem¹

119 1979 259 2016 dierum
274 1994 433 2028 quaerere
450 1996 469 2018 a
486 1982 703 2029 principibus
718 1981 805 2016 civi-

119 2031 218 2076 tatis,
236 2041 376 2079 auctore
393 2035 522 2071 Plinio.
537 2035 642 2071 Dom.
659 2053 703 2061 —-
720 2036 805 2069 Haec

118 2092 173 2120 est
184 2089 222 2121 iu
234 2086 361 2122 Fastek.
375 2089 460 2123 Haec
467 2095 538 2129 est,
558 2101 623 2134 pro
636 2115 646 2133 ,
665 2087 804 2122 Eadem

62 2140 66 2147 ’
119 2139 194 2174 dies
205 2145 259 2174 est
273 2139 310 2173 in
323 2138 434 2175 Fastis
446 2167 456 2184 ,
472 2143 656 2182 Alliensis,
678 2148 715 2176 et
725 2152 804 2186 quae

119 2190 200 2227 Ibin
214 2191 250 2226 in
262 2191 377 2226 lucem
387 2193 532 2238 protulit
540 2186 600 2235 {ut
610 2193 783 2239 significet
791 2219 801 2238 ,

118 2242 347 2290 posu-iduana
363 2251 468 2290 atque
484 2252 559 2280 atra
572 2244 628 2280 die
643 2253 780 2280 natum.

163 2297 238 2332 223.
245 2296 386 2342 Impuroe
395 2300 516 2331 matris
522 2299 566 2332 ab
573 2300 659 2333 alvo.
667 2300 805 2343 Impura

117 2349 246 2395 scripti.
264 2351 400 2386 Hzms.

163 2405 238 2448 224.
261 2405 408 2439 Humum
430 2402 641 2451 Ct'nyphiam.
665 2402 744 2439 Cur
758 2405 805 2452 ait

120 2462 222 2501 poeta
238 2457 317 2493 Ibin
335 2464 460 2492 natum
477 2470 549 2492 esse
569 2458 604 2491 in
627 2455 805 2504 Cinyphia

121 2517 213 2545 terra
225 2537 235 2554 ,
252 2523 330 2557 quae
345 2512 447 2548 estin
462 2511 572 2560 Libya
588 2539 597 2556 ‚
616 2525 660 2548 an
672 2513 717 2546 ob
730 2512 806 2547 hir-

116 2575 176 2599 cos
195 2561 392 2612 Cinyphios
405 2591 415 2609 ,
434 2565 495 2610 qui
511 2564 626 2600 foetidi
641 2571 746 2605 sunt;
766 2571 806 2601 ut

116 2615 279 2652 ostendat
294 2629 377 2652 eum
393 2618 484 2653 male
502 2617 597 2653 olere
616 2631 624 2652 z
643 2630 727 2652 nam
744 2618 805 2663 qui

118 2667 209 2703 male
234 2668 332 2704 olent
347 2696 356 2714 ,
383 2668 552 2705 dicuntur
579 2672 716 2704 hin-osi.
745 2670 804 2703 An

117 2721 286 2766 quoniam
306 2721 392 2757 ferae
408 2729 642 2757 monstruosae
661 2722 708 2756 ibi
731 2734 803 2756 na-

116 2773 326 2817 scebantur,
346 2771 639 2825 convenientibus
659 2774 803 2811 diversis

872 1612 1082 1649 animalibus
1108 1611 1151 1647 ad
1178 1610 1338 1646 eundem
1361 1609 1499 1646 fontem
1522 1612 1566 1647 ob

871 1665 1061 1711 penuriam
1077 1677 1251 1711 aquarum
1267 1663 1303 1701 iu
1318 1663 1429 1711 Libya
1441 1691 1451 1708 ,
1469 1671 1505 1701 et
1519 1664 1567 1699 ibi

872 1719 1116 1759 diversissimis
1141 1719 1263 1754 mistis.
1286 1717 1397 1753 Unde
1419 1731 1569 1764 prover‘

872 1772 972 1808 bium
989 1772 1076 1807 illud
1093 1778 1295 1818 susceptum
1314 1777 1383 1814 est,
1402 1771 1566 1807 Africam

871 1839 1013 1872 semper
1028 1825 1112 1860 novi
1131 1824 1261 1870 aliquid
1279 1823 1431 1859 adseri-e.

919 1882 994 1914 225.
1006 1879 1115 1913 Buba.
1124 1875 1337 1912 Acherontis
1351 1876 1443 1910 filius
1455 1875 1566 1912 etOr·

872 1930 985 1977 phnes
997 1930 1182 1979 nymphae,
1202 1942 1392 1965 conversus
1408 1931 1443 1964 in
1462 1943 1565 1965 avem

873 1998 914 2019 ex
927 1984 1136 2030 Ascalapho,
1147 1983 1192 2018 ob
1207 1982 1468 2019 accusationem
1478 1983 1566 2018 Pro*

870 2037 1021 2084 serpinae
1031 2064 1040 2080 ‚
1062 2039 1133 2073 avis
1146 2037 1307 2072 funebris
1321 2043 1385 2074 est.

916 2091 992 2126 226.
1011 2092 1155 2126 Graves.
1176 2089 1369 2136 QueruIOS.

916 2156 992 2187 227.
1028 2145 1187 2178 Protinus
1217 2144 1423 2177 Eumenides
1454 2145 1565 2176 lavere

864 2198 1077 2242 palustribus
1096 2198 1208 2230 undis.
1227 2198 1272 2230 'rb
1288 2197 1381 2229 unda
1403 2190 1564 2240 proximo

870 2262 974 2284 versu
986 2250 1166 2294 sequitur,
1187 2255 1227 2284 ut
1241 2247 1298 2282 hic
1312 2247 1398 2282 ferri
1416 2247 1470 2281 vix
1485 2259 1563 2292 pos-

869 2301 924 2337 sit.
937 2302 1059 2337 Scribe
1073 2314 1081 2336 :
1097 2316 1113 2330 «
1133 2299 1351 2335 Eumenides
1370 2300 1483 2333 lavere
1500 2311 1565 2344 pa*—

870 2354 1037 2390 lustribus
1054 2354 1142 2388 ulvis
1156 2381 1164 2397 ‚
1183 2369 1199 2384 »
1217 2360 1252 2389 et
1270 2352 1326 2386 adi
1343 2352 1452 2386 Notas
1470 2352 1560 2386 Met.

870 2408 976 2453 XIV,
996 2421 1085 2443 vers.
1108 2408 1181 2442 103.
1205 2407 1340 2441 HEINS.

916 2461 991 2496 233.
1010 2462 1131 2495 Ebibit
1143 2462 1222 2493 inde
1238 2472 1308 2492 sua·
1322 2460 1457 2492 rabiem.
1475 2460 1561 2492 Per-

872 2516 959 2548 bibit
973 2513 1130 2560 plerique
1148 2518 1296 2546 veteres.
1323 2510 1414 2545 Mihi
1440 2518 1560 2545 tamen

871 2565 1046 2601 distichon
1062 2565 1127 2600 hoc
1143 2570 1344 2610 suspectum
1361 2570 1429 2606 est,
1447 2570 1486 2599 ut
1499 2576 1562 2598 su·-

872 2630 934 2665 pra
947 2644 956 2660 ‚
974 2630 1022 2652 vs.
1039 2618 1082 2660 24
1095 2643 1104 2659 ,
1128 2617 1199 2662 jam
1214 2628 1292 2650 sum
1311 2622 1466 2650 testatus.
1488 2615 1536 2649 H.

918 2670 993 2703 235.
1010 2669 1199 2715 Ferrugiue.
1219 2667 1347 2703 Colore
1364 2667 1485 2702 noctis.
1503 2666 1563 2702 Sic

871 2729 974 2768 poeta
988 2722 1077 2758 Met.
1091 2723 1176 2766 XV,
1195 2735 1243 2757 vs.
1264 2723 1346 2760 788:
1363 2737 1379 2751 α
1401 2719 1563 2755 Caerulus

871 2782 907 2809 et
924 2774 1063 2810 vultum
1080 2774 1264 2820 ferrugine
1284 2772 1426 2808 Lucifer
1438 2780 1522 2808 atra.
1534 2798 1542 2805 .
1554 2800 1562 2808 .
