1794 3100
249 232 336 288 340
502 228 959 276 TESTIMONIA
991 229 1077 272 ET
1113 226 1445 273 JUDICIA‘

462 327 509 362 Et
523 325 629 360 modo
646 330 846 360 cantantem
861 335 986 369 sequor
997 348 1007 366 ‚
1025 322 1183 358 etmodo
1201 322 1329 367 plectra
1344 327 1567 365 moventemg

460 392 463 394 ’
500 388 604 422 Nunc
621 385 792 431 plectrum
809 396 934 419 moveo
946 410 956 428 ,
977 396 1074 419 nune
1090 383 1185 430 prior
1199 383 1269 428 ipse
1286 394 1393 417 cauo:

463 448 509 483 Et
525 447 636 493 placui
650 473 659 490 ,
677 446 767 481 sensi
785 459 792 481 :
806 445 872 481 nisi
888 445 917 481 si
938 445 1100 491 placuisse
1116 443 1245 490 putavi.

505 507 579 543 Scis
595 519 700 552 quam
717 506 760 541 de
777 505 867 541 facili
891 517 1020 541 cornua
1035 512 1150 540 sumat
1166 517 1286 540 amans
1300 517 1309 540 t

459 567 516 603 Nil
534 574 654 602 tamen
669 565 826 610 obtinui,
844 566 966 611 vixque
981 564 1095 602 oscula
1109 565 1234 611 frigida
1248 565 1355 610 carpsi
1369 580 1378 606 ;
1596 566 1656 600 115

502 619 588 664 Huic
604 641 742 674 quoque
757 627 923 663 luctando
936 654 946 672 ,
962 640 1028 663 nec
1040 653 1050 671 ,
1066 627 1132 662 nisi
1146 627 1234 661 victa
1246 652 1256 670 ‚
1275 626 1381 662 dedit.

460 688 575 734 Atque
596 687 724 734 aliquid
739 687 830 722 volui
847 701 856 729 ;
873 686 933 722 sed
954 687 1050 722 enim
1062 713 1071 731 ,
1092 686 1312 733 probitasque
1330 686 1510 732 pudorque

501 748 678 794 Ingenuus
695 747 808 782 tenuit
819 774 828 791 ,
848 747 1112 793 simplicitasque
1129 747 1225 782 Deae.
1374 738 1376 740 Ι

458 809 559 843 Festa
575 808 647 843 dies
665 807 785 842 aderat
797 833 806 850 ,
826 807 984 854 Phrygiis
1001 820 1069 852 qua
1083 813 1201 842 vectus
1215 807 1258 841 ab
1273 807 1341 842 oris

497 868 688 904 Constituit
705 868 867 914 Solymus
883 868 1011 903 moenia
1028 868 1140 913 prima
1157 868 1236 903 suis.
1597 881 1656 902 120

459 929 687 965 Conveniunt
704 936 832 963 matres
847 941 888 962 ex
905 928 1028 963 ordine
1044 929 1166 974 virque
1183 920 1349 973 paterque

499 989 678 1035 Quilibet,
696 996 732 1023 et
749 988 876 1033 quaevis
890 989 978 1023 festa
993 987 1143 1023 celebrat
1159 1000 1256 1023 anus.

454 1050 529 1084 Nec
544 1048 657 1095 pudor
672 1048 727 1083 hic
744 1048 861 1094 positis
878 1049 915 1082 in
932 1049 1014 1082 vino
1029 1048 1149 1082 ludere
1167 1048 1295 1083 mensis
1307 1074 1316 1090 ,

498 1110 572 1144 Nec
592 1109 705 1153 pudor
719 1109 893 1144 instabiles
911 1116 1014 1144 nocte
1030 1108 1164 1144 referre
1181 1108 1297 1154 pedes.

458 1168 619 1216 Nympha
636 1169 722 1214 petit
736 1168 882 1204 latebras
893 1195 902 1212 ‚
921 1175 1157 1214 praetentaque
1174 1167 1327 1211 fontibus
1341 1175 1450 1204 antra.
1597 1172 1656 1204 125

498 1229 603 1264 Forte
619 1228 667 1263 illi
683 1228 720 1263 in
735 1229 895 1263 manibus
907 1228 1007 1263 docta
1020 1227 1176 1263 Corinna
1191 1228 1258 1263 fuit
1277 1255 1286 1271 ‚

458 1289 532 1325 Aut
547 1289 676 1335 aliquid
687 1289 845 1335 Sapphus
859 1303 867 1332 3
887 1302 952 1324 nec
965 1289 1062 1324 enim
1075 1302 1158 1324 suus
1174 1289 1279 1324 ardor
1299 1289 1428 1324 amanti

499 1350 643 1396 Singula
657 1349 823 1385 noscendi
843 1356 1002 1394 tempora
1017 1349 1121 1394 longa
1136 1348 1249 1384 dabat.

459 1409 566 1445 Collis
578 1410 688 1445 humo
703 1410 834 1455 surgit,
854 1422 960 1454 quem
975 1410 1121 1455 cingunt
1136 1409 1290 1455 undique
1307 1410 1371 1444 rivi
1388 1423 1396 1444 :

498 1470 602 1518 Sylva
619 1470 703 1515 tegit
719 1469 841 1505 collem
852 1495 862 1513 ‚
876 1469 1007 1515 frigore
1024 1476 1119 1515 grata
1133 1482 1206 1504 suo.
1596 1470 1656 1505 130

455 1531 590 1565 Hortus
606 1529 697 1564 inest
711 1530 813 1576 sylvae
830 1528 1031 1571 latissimus;
1052 1529 1157 1564 altera
1174 1528 1326 1574 pendet,

498 1590 619 1625 Altera
632 1603 710 1635 pars
726 1589 827 1635 plana
845 1596 896 1624 est
907 1615 917 1633 ,
934 1597 1082 1634 utraque
1101 1590 1222 1636 juncta
1240 1590 1314 1624 sibi.

456 1649 586 1685 Omnis
602 1650 644 1684 ab
660 1649 802 1685 arbitrio
816 1649 911 1685 locus
927 1656 978 1684 est
992 1649 1142 1685 seclusus
1158 1662 1166 1683 z
1183 1649 1225 1684 ab
1243 1649 1340 1684 omni
1354 1676 1364 1693 ‚

499 1710 668 1745 Halantes
683 1710 864 1756 Zephyros
881 1711 996 1756 ex‘cipe
1007 1736 1016 1754 ‚
1032 1717 1158 1745 ventus
1173 1709 1277 1745 abest.

455 1770 516 1806 Sol
532 1783 670 1816 quoque
685 1771 781 1805 abest
800 1770 914 1805 omnis
929 1783 937 1804 :
953 1770 1019 1805 nisi
1035 1770 1228 1816 quumjam
1241 1769 1351 1814 cedit,
1368 1777 1403 1805 et
1418 1783 1503 1805 auro
1595 1771 1654 1806 135

499 1830 620 1866 Illudit
633 1830 723 1866 foliis
738 1831 986 1876 arboribusque
1005 1843 1077 1866 suo.

456 1892 548 1926 Fons
561 1891 683 1935 strepit
699 1892 735 1926 in
754 1892 871 1926 medio
887 1918 895 1935 ,
914 1891 1093 1937 lapsusque
1109 1905 1127 1926 e
1145 1891 1296 1926 culmine
1310 1903 1449 1926 summo
1461 1918 1470 1935 ,

502 1953 571 1986 Per
587 1951 691 1986 flores
707 1951 855 1997 trepidat
870 1977 880 1994 ,
897 1964 982 1996 quos
998 1965 1079 1986 suus
1095 1952 1223 1986 humor
1239 1952 1307 1986 alit.

448 2011 577 2046 'Densa
590 2011 671 2046 salix
687 2012 821 2047 fontem
834 2038 843 2055 ,
859 2012 994 2047 sontem
1009 2012 1214 2047 viridissima
1231 2018 1366 2060 myrtus
1376 2038 1386 2056 ‚

499 2071 639 2116 Rosque
656 2073 761 2106 maris
775 2072 883 2118 cingit
897 2086 906 2114 ;
925 2085 990 2107 nec
1004 2085 1081 2107 mea
1096 2072 1213 2108 laurus
1227 2073 1331 2108 abest.
1595 2076 1655 2118 ¹4⁰
1675 2090 1680 2093 >

458 2132 621 2179 Nympha
637 2133 724 2177 petit
738 2131 873 2167 fontem
889 2159 899 2177 ‚
915 2133 1068 2178 siccaque
1084 2137 1119 2168 in
1136 2134 1291 2180 margine
1308 2142 1439 2169 vestem

501 2183 627 2235 Ponit;
647 2192 745 2226 humi
761 2201 892 2228 vestem
905 2220 915 2238 ,
933 2202 1055 2229 caetera
1072 2195 1173 2240 tingit
1189 2195 1294 2240 aquis.

458 2251 622 2287 Membra
637 2253 755 2288 nivem
772 2255 917 2290 vincunt
929 2282 938 2299 ,
956 2256 1209 2300 quaenondum
1225 2257 1295 2291 sole
1312 2257 1452 2302 tepescit
1470 2283 1479 2300 ,

502 2313 637 2358 Impuri
654 2314 815 2349 nondum
832 2328 936 2360 quam
952 2315 1096 2361 tetigere
1113 2316 1229 2362 pedes.

459 2373 619 2420 Quaeque
635 2375 819 2421 superfuso
834 2376 1084 2411 commendant
1101 2377 1218 2411 omnia
1234 2389 1313 2411 rore
1325 2403 1334 2420 ,
1595 2379 1653 2421 145

505 2425 768 2471 Commendant
783 2437 932 2482 speciem
949 2445 1073 2482 sponte
1089 2437 1233 2472 nitentis
1248 2450 1355 2482 aquae.

458 2495 661 2540 Subsequor
675 2489 831 2542 ignaram
845 2512 853 2537 ς
872 2498 1042 2543 vulgoque
1058 2506 1213 2533 remotus
1230 2498 1271 2532 ab
1287 2498 1404 2542 omni,

499 2554 624 2590 Solvor
639 2556 676 2591 in
692 2557 884 2603 amplexus,
903 2558 1066 2605 Nympha
1083 2559 1204 2594 Latina
1215 2585 1225 2602 ,
1242 2565 1330 2593 tuos.

456 2614 616 2661 Sumque
632 2617 751 2653 Deum
767 2618 891 2660 fassus;
909 2619 995 2654 falso
1012 2627 1137 2665 negat;
1155 2619 1278 2654 ultima
1293 2626 1425 2654 restant
1440 2633 1448 2654 :

498 2676 572 2711 Nec
589 2677 655 2713 nisi
669 2678 821 2714 cessisset
836 2679 964 2716 viribus
979 2679 1035 2715 illa
1049 2679 1144 2716 meis.
1593 2684 1654 2716 150
