1794 3100
269 258 345 301 192
698 241 748 284 P.
795 242 1035 310 OVIDII
1065 243 1251 289 ‘VITA

257 335 407 400 Atque
432 335 587 393 etiam,
614 354 709 401 quae
733 335 982 401 subjungit,
1002 356 1111 386 vers.
1140 356 1224 386 101
1249 358 1260 386 ε

478 445 577 490 Quid
594 445 746 480 referam
766 449 988 492 comitumque
1006 447 1120 492 nefas,
1131 448 1353 492 famulosque
1371 454 1525 483 nocentes
1537 451 1558 485 ,Ρ

257 538 444 595 docent,
471 537 679 585 Ovidium
703 557 726 586 a
749 556 793 586 se
817 538 993 604 quidem
1019 539 1180 587 crimen
1213 537 1323 586 illud
1353 557 1548 587 amovere
1565 576 1577 597 ‚
1600 539 1678 587 sed

255 627 300 662 et
320 614 367 661 in
391 632 495 662 suos
518 613 676 661 comites
696 613 743 661 id
766 614 939 679 rejicere
972 614 1083 679 nefas
1099 654 1109 670 ,
1141 614 1262 680 quod
1284 614 1438 678 fhmuli
1463 613 1675 664 revelave-

252 692 369 748 rint,
396 708 573 755 quoque
598 689 797 752 cognito,
822 690 915 737 loesi
935 690 1132 755 princzpis
1156 690 1219 737 ira
1247 708 1344 737 eum
1372 690 1553 755 jusserit
1582 692 1684 738 To-‘«

254 768 381 815 mitas
407 784 595 832 quaerere
612 803 624 822 ‚
645 767 711 814 uti
733 767 866 814 habet
888 786 997 815 vers.
1025 785 1084 833 97
1109 779 1153 815 et
1175 766 1250 832 98.
1269 769 1272 772 ’
1580 755 1587 760 ’

317 848 469 910 ltaque
506 843 618 891 nihil
651 856 875 910 superest,
909 845 994 892 nisi
1024 857 1073 892 ut
1110 843 1472 901 dicamus‚·illud
1509 845 1671 894 crimen

251 923 386 971 fuisse
403 924 566 969 JULIAE
582 923 775 984 Augusti
793 923 937 989 neptis
949 960 960 979 ‚
985 923 1109 988 cujus
1135 923 1324 971 Ovidius
1346 923 1479 971 fuerit
1495 925 1672 991 quidem

249 1019 350 1048 reus
373 999 514 1048 factus
531 1037 543 1057 ,
567 1011 611 1047 at
642 1000 761 1065 quod
795 1000 879 1047 sibi
915 999 1050 1048 modo
1074 1001 1215 1050 visum
1242 1013 1284 1048 et
1305 1020 1331 1048 a
1353 1001 1445 1049 suis
1467 1003 1672 1051 comitibus

249 1079 532 1126 commissum
548 1115 560 1135 ,
587 1077 766 1126 suadere
800 1090 997 1126 conatur.
1022 1080 1114 1127 Nec
1149 1091 1264 1127 certe
1289 1078 1408 1127 aliud
1429 1081 1578 1146 potuit
1598 1080 1669 1130 his

250 1156 525 1223 temporibus
552 1157 806 1218 Augustum
825 1156 885 1218 ita
908 1156 1082 1213 loedere,
1116 1169 1167 1206 ut
1194 1157 1232 1205 ei
1257 1159 1430 1206 vulnera
1458 1158 1666 1215 inferret,

247 1234 411 1300 quibus
427 1233 613 1281 maxime
635 1233 829 1282 indoleret
849 1240 859 1258 ¹
879 1254 889 1291 ;
912 1235 1268 1302 quandoquidem
1286 1236 1517 1298 Augustus
1538 1235 1667 1285 istam
1703 1236 1710 1242 '

245 1314 273 1360 J
277 1323 429 1360 ULIAM
453 1310 540 1358 hoc
563 1311 662 1376 ipso
693 1329 810 1358 anno
835 1312 1049 1360 convictam
1072 1312 1264 1360 adulten'i
1285 1311 1528 1381 damnavit.
1560 1332 1666 1379 pro-

241 1389 432 1454 jecitque
454 1389 495 1435 in
515 1388 687 1435 insulam
709 1388 937 1436 Trimerum
952 1428 963 1444 ,
992 1388 1108 1436 haud
1117 1387 1268 1454 proc‘ul
1277 1389 1436 1454 Apulis
1451 1389 1658 1445 litoribus,

242 1477 378 1532 prout
395 1464 574 1512 Tacitus
591 1471 606 1488 ²
632 1476 804 1522 narrat,
830 1484 931 1512 mox
953 1464 1117 1512 addens
1138 1484 1147 1511 :
1172 1464 1273 1512 Illic
1293 1464 1440 1530 viginti
1455 1465 1571 1512 annis
1588 1484 1663 1512 ex-

241 1543 374 1591 silium
392 1541 599 1597 toleravit,
618 1543 827 1607 Augustoe
841 1561 915 1608 ope
929 1552 1148 1591 sustentata
1162 1554 1240 1590 etc.
1259 1543 1355 1590 Hos
1376 1543 1491 1590 enim
1513 1558 1576 1592 XX
1587 1563 1663 1591 an-

240 1639 322 1668 nos
346 1619 381 1667 si
410 1617 539 1666 tollas
564 1618 617 1666 de
642 1638 757 1666 anno
783 1621 839 1666 U.
868 1620 917 1668 C.
951 1632 1215 1677 DCCLXXX1‚
1244 1639 1332 1686 quo
1361 1619 1522 1667 lulium
1550 1620 1663 1668 hanc

241 1698 404 1747 obiisse
419 1697 551 1756 tradit
563 1696 802 1746 historicus
816 1696 902 1754 ille,
919 1697 1116 1764 reliquus
1130 1698 1213 1746 erit
1224 1716 1292 1745 an.
1309 1698 1364 1745 U.
1379 1697 1428 1745 C.
1446 1709 1634 1746 DCCLXII
1649 1736 1661 1757 ,

242 1794 330 1841 quo
365 1773 489 1822 ,Iulia
518 1773 645 1838 neptis
669 1772 857 1836 relegata
882 1773 1015 1822 suerit
1035 1773 1074 1832 ³,
1102 1774 1167 1822 uti
1187 1774 1273 1838 jam
1298 1773 1468 1841 pridem
1495 1773 1662 1822 doctis-

238 1911 354 1947 tetur,
374 1903 453 1938 Non
463 1902 607 1946 facinus
622 1914 760 1936 causam
773 1928 782 1944 ‚
811 1901 870 1936 sed
896 1914 979 1936 suus
1004 1911 1130 1936 ERROR
1155 1901 1269 1936 habet.
1290 1915 1306 1931 η
1326 1900 1408 1935 Vid.
1428 1907 1462 1935 et
1480 1901 1575 1946 Eleg.
1592 1912 1631 1935 vr
1647 1926 1657 1944 ,

236 1972 324 1994 vers.
349 1959 471 1993 25—36.

283 2023 293 2040 ¹
318 2020 570 2065 Ingemiscebat
585 2020 761 2066 Augustus
780 2019 822 2053 ad
839 2031 983 2053 omnem
1002 2014 1163 2064 Agrippae
1180 2018 1364 2054 Posthumi
1375 2018 1512 2063 nepotis
1528 2019 1655 2063 (quem

236 2076 341 2110 etiam
359 2075 395 2108 in
412 2075 559 2109 insulam
578 2081 874 2119 transportaverat
889 2076 902 2118 )
922 2080 957 2108 et
971 2076 1140 2108 luliarum
1154 2077 1368 2113 mentionem,
1391 2085 1452 2108 nec
1466 2075 1656 2108 aliterillos

233 2131 402 2173 adpellare
416 2129 547 2163 solebat
564 2142 662 2173 quam
677 2137 746 2163 tres
763 2128 912 2162 vomicas
931 2135 991 2162 aut
1006 2129 1238 2163 carcinomata
1258 2141 1338 2169 sua;
1359 2128 1447 2163 sicut
1466 2127 1653 2163 Suetonius

234 2184 349 2230 prodit
364 2184 401 2218 in
419 2185 509 2229 Aug.
526 2197 598 2229 cap.
611 2185 665 2219 65.

277 2247 293 2266 ²
317 2244 443 2280 Annal.
460 2244 517 2279 lib.
539 2245 605 2288 IV,
625 2257 697 2290 cap.
717 2259 753 2290 71
773 2259 780 2287 ;
800 2244 867 2279 vid.
888 2253 922 2280 et
938 2245 993 2280 lib.
1015 2245 1089 2288 III,
1108 2258 1179 2289 cap.
1201 2246 1263 2288 24,
1284 2258 1322 2279 ac
1339 2245 1484 2279 Sueton.
1507 2244 1544 2278 in
1561 2244 1653 2289 Aug.

231 2316 303 2348 cap.
321 2303 375 2336 65.

275 2362 289 2383 ³
314 2363 435 2407 Quam
455 2362 571 2407 inepte
590 2364 625 2396 J.
652 2364 799 2397 Clericus
819 2362 886 2398 hoc
902 2363 1068 2408 carpserit
1082 2362 1302 2397 ratiocinium
1315 2388 1324 2404 ,
1342 2361 1496 2406 pluribus
1517 2361 1651 2396 ostendi

232 2417 329 2462 praef.
347 2417 389 2451 ad
406 2419 513 2452 Plinii
531 2418 606 2462 jun.
630 2419 747 2451 vitam.
767 2418 813 2451 At
830 2429 944 2462 operae
962 2417 1115 2462 pretium
1139 2429 1212 2450 non
1231 2423 1281 2450 est
1305 2428 1488 2450 censuram
1506 2415 1563 2449 hic
1586 2428 1652 2449 re·-

232 2473 360 2519 pellere
373 2500 382 2517 ,
404 2487 480 2518 quae
497 2486 678 2518 nunquam
695 2474 852 2520 profecto
870 2475 971 2508 aliam
990 2474 1106 2508 subire.
1122 2476 1278 2508 mentem
1294 2473 1432 2518 poterit.
1454 2471 1653 2507 Observent

229 2528 336 2562 modo
352 2528 508 2573 juniores
527 2527 643 2562 minus
663 2529 699 2562 in
716 2528 768 2562 his
786 2528 877 2562 tricis
894 2528 1040 2571 versati,
1059 2528 1220 2562 Tacitum
1244 2527 1353 2561 solere
1373 2540 1436 2573 per
1457 2529 1651 2561 consulatus

230 2589 436 2628 supputare,
459 2591 561 2627 atque
577 2584 761 2629 scriptores
778 2583 1059 2628 frequentissime
1081 2596 1190 2617 annos
1211 2579 1443 2627 incompletos,
1469 2595 1533 2628 pro
1552 2595 1650 2617 com—

223 2641 345 2681 pletis,
366 2638 541 2673 adhibere.
571 2639 623 2673 Ita
649 2638 678 2672 si
701 2642 893 2673 vicesimum
921 2646 956 2673 et
978 2639 1142 2673 ultimum
1168 2651 1301 2672 annum
1325 2638 1430 2672 exsilii
1447 2639 1548 2672 Julioe
1564 2650 1644 2671 cum

230 2706 324 2727 anno
336 2693 388 2743 .U·
415 2692 457 2727 C.
481 2695 538 2737 781
566 2695 778 2739 copulaverit
794 2695 888 2739 juxta
906 2693 1017 2728 Taciti
1035 2693 1180 2728 calculos
1194 2719 1202 2735 ,
1230 2700 1306 2728 tum
1322 2693 1514 2728 necessario
1532 2705 1644 2727 annus

171 2785 175 2789 ,
228 2750 273 2785 U.
295 2749 335 2784 C.
357 2751 416 2794 762
436 2751 501 2786 erit
518 2751 650 2795 primus
667 2751 873 2785 eorumdem
893 2763 939 2785 xx
957 2750 1059 2785 exsiiii
1075 2763 1272 2793 annorum,
1290 2758 1352 2784 etc.
