1794 3100
261 233 347 275 208
690 234 741 275 P.
786 233 1021 278 OVIDII
1057 235 1232 279 VITA

259 325 384 382 navi,
418 344 547 391 quam
586 326 773 374 Ovidius
807 327 853 374 in
877 327 1171 376 Samothracia
1202 349 1353 377 rursus
1386 332 1606 392 ascendit,
1630 346 1682 383 ut

258 402 469 471 Thracica
492 415 658 469 peteret
680 404 834 458 litora,
858 422 936 470 per
971 405 1195 455 Bistonias
1221 426 1356 473 aquas
1377 409 1681 473 navigaturus,

259 479 364 528 dum
386 480 518 529 altera
542 480 664 529 navis
687 493 780 529 erat
800 482 992 530 Pontum
1016 482 1197 531 aditura.
1235 492 1300 533 2⁰.
1338 487 1508 535 Exinde
1530 500 1677 553 patet,

205 606 207 608 ,
259 557 371 606 hanc
388 558 587 621 Elegiam
605 578 630 605 a
645 560 809 606 Nostro
823 559 1125 608 concinnatam
1137 598 1148 618 ‚
1171 582 1307 628 quum
1325 563 1576 612 adhucdum
1591 585 1680 614 ver-

259 647 428 683 saretur
449 635 495 682 in
521 634 593 682 illa
617 634 784 692 insula,
823 655 917 701 quae
949 635 1201 706 Iytidart'dzs
1212 638 1441 703 fratribus,
1475 641 1561 689 hoc
1583 653 1677 700 est,

260 713 435 761 Castori
459 725 502 761 et
526 713 698 761 Polluci
720 725 969 762 consecrata
992 714 1089 762 fuit.
1250 777 1252 779 -

322 791 404 837 ΙΙΙ.
431 789 595 836 Exsz'lii
608 808 743 855 porro
768 790 896 837 locum
917 790 1106 838 Ovidius
1128 791 1275 839 eadem
1295 791 1446 854 Elegia
1462 794 1594 843 nobis
1612 794 1680 842 in-

260 864 401 922 dicat,
427 864 511 912 hoc
536 884 619 930 pro
644 865 831 913 secunda
849 866 948 913 navi
971 878 1121 914 votum
1138 867 1345 924 fundens,
1364 887 1426 916 vs.
1448 870 1503 930 [41
1528 881 1571 918 et
1589 870 1648 931 42
1667 893 1679 920 ε

475 963 508 998 Α
525 964 649 1008 quibus
666 963 826 998 adveniat
841 963 1035 1001 Mle'rmA
1049 976 1163 1009 sospes
1179 964 1222 998 ad
1239 975 1371 1000 URBEM

522 1023 666 1058 Offensi
685 1036 754 1068 quo
772 1036 828 1057 me
844 1023 1011 1069 compulit
1025 1024 1076 1058 ira
1095 1024 1173 1059 Dei.

260 1104 415 1151 Tomos
437 1103 643 1150 nimirum
675 1101 907 1164 indigitare
936 1100 1101 1160 voluit,
1131 1115 1181 1150 ut
1204 1122 1253 1151 ex
1283 1103 1361 1159 lib.
1390 1106 1483 1163 III,
1507 1104 1578 1154 El.
1608 1119 1678 1165 lx,

258 1184 399 1251 liquet
420 1205 430 1232 :
451 1185 531 1232 ubi
558 1183 757 1233 eumdem
779 1183 925 1231 locum
951 1184 1202 1233 describens
1217 1222 1229 1243 ,
1257 1185 1344 1243 ait,
1370 1205 1478 1235 vers.
1501 1185 1583 1233 3-6
1604 1207 1614 1235 ;

475 1283 557 1317 Huc
575 1295 712 1327 quoque
730 1283 850 1316 Macte
863 1281 955 1316 missi
974 1295 1102 1316 venere
1120 1285 1250 1322 coloni,

521 1343 634 1387 Inque
648 1342 746 1376 Getis
765 1341 887 1376 Graias
901 1342 1113 1376 constituere
1133 1341 1265 1377 domos.

480 1402 552 1437 Sed
570 1413 689 1437 vmus
706 1401 785 1436 huic
801 1412 934 1436 NOMEN
945 1428 954 1445 ,
973 1402 1150 1447 positaque
1165 1395 1334 1447 abtiquius
1349 1405 1426 1437 urbe
1437 1430 1445 1443 ,

521 1463 669 1499 Constat
687 1464 728 1498 ab
747 1466 892 1508 Absyrti
904 1463 996 1497 caede
1013 1463 1140 1507 fuisse,
1159 1463 1246 1498 loco.

255 1543 426 1591 Deinde
441 1579 452 1600 ‚
479 1542 657 1590 recitata
681 1541 813 1606 hujus
837 1541 1015 1608 Absyrti
1043 1540 1193 1589 fabula
1214 1579 1226 1599 ‚
1266 1519 1489 1607 quomodo
1521 1560 1678 1609 nempe

255 1622 411 1670 Medea
431 1640 558 1670 soror
576 1639 674 1668 eum
691 1618 976 1675 interfecerit,
1002 1637 1051 1667 ac
1075 1618 1243 1667 divulsa
1267 1610 1360 1684 ejus
1385 1619 1578 1668 membra
1599 1639 1679 1686 per

256 1720 387 1764 agros
414 1699 713 1766 dissipaverit,
737 1698 861 1746 addit
880 1716 990 1746 vers.
1020 1696 1080 1767 33
1105 1709 1147 1744 et
1171 1697 1233 1758 34
1253 1717 1262 1745 ;

473 1797 563 1832 Inde
580 1797 704 1831 Tomts
726 1795 835 1830 dictus
850 1795 944 1830 locus
960 1794 1017 1829 hic
1031 1808 1039 1836 ;
1064 1795 1144 1840 quia
1160 1794 1274 1830 fertur
1289 1795 1326 1829 in
1343 1794 1401 1829 illo

517 1858 680 1891 Membra
697 1869 796 1891 soror
812 1855 929 1889 fratris
946 1858 1155 1890 consecuisse
1171 1854 1233 1889 sui.

258 1937 406 1985 Graece
431 1953 532 1982 vero
557 1952 697 1983 ΤΟΜΙΣ
729 1933 774 1980 in
797 1932 1052 1994 vulgaribus
1075 1932 1200 1980 libris
1233 1931 1441 1979 Straboni
1478 1938 1487 1957 ¹
1518 1932 1676 1981 dicitur

251 2034 300 2062 ac
328 2014 617 2063 Constantino
642 2011 1039 2077 Porphyrogenetae
1062 2016 1103 2066 2;
1130 2010 1209 2057 etsi
1231 2009 1349 2075 apud
1370 2008 1494 2057 illum
1518 2009 1673 2073 legisse

252 2090 448 2137 videatur
478 2089 728 2154 Stephanus
761 2104 966 2143 ΤοΜΕΥΣ,
993 2085 1107 2132 sicut
1127 2086 1214 2150 jam
1247 2084 1300 2132 cl.
1330 2085 1426 2133 Nic.
1465 2085 1674 2135 Heinsius

252 2167 508 2216 observavit.
536 2167 653 2214 Huic
677 2166 808 2213 etiam
831 2163 1013 2211 lectioni
1036 2163 1184 2228 potius
1208 2163 1353 2211 favent
1382 2163 1591 2221 Nummi,
1626 2164 1671 2210 in

252 2244 415 2311 quibus
437 2263 548 2310 saepe
580 2243 788 2306 gignendi
813 2261 915 2290 casu
937 2258 1118 2289 ΤΟΜΕΩΣ
1141 2241 1266 2288 urbis
1289 2258 1451 2287 nomen
1473 2240 1672 2302 signatur

251 2342 351 2373 cum
373 2319 667 2387 metropoleos
686 2319 925 2382 dignitate:
944 2336 1145 2368 MHTPOH.
1173 2337 1369 2368 nom-or.
1387 2336 1589 2367 ΤοΜΕΩο.
1612 2320 1672 2367 At

250 2401 296 2446 in
319 2399 416 2447 aliis
440 2398 600 2462 gentile
624 2417 784 2446 nomen
809 2397 971 2459 legitur
986 2435 997 2455 ‚
1019 2415 1227 2446 ΤοΜιΤΩΝ
1246 2435 1258 2455 ,
1295 2417 1371 2446 seu
1407 2415 1667 2455 ΤοΜΕιΤΩΝς

253 2476 616 2542 quemadmodum
645 2487 686 2522 et
708 2476 873 2522 Noster
894 2474 1027 2522 latine
1047 2486 1251 2524 TOMITAS
1269 2475 1416 2523 habet.

318 2552 437 2600 Urbs
463 2564 607 2600 autem
628 2551 727 2611 illa,
758 2553 891 2600 TOMI
921 2551 1103 2600 numero
1132 2549 1293 2617 plurali
1327 2551 1446 2617 apud
1477 2549 1666 2599 Plinium

297 2678 309 2696 ¹
334 2675 462 2720 Geogr.
479 2676 536 2710 lib.
557 2675 640 2710 VII.

293 2738 308 2755 ²
333 2736 404 2770 Lib.
426 2736 482 2779 ΙΙ,
504 2735 665 2771 Themat.
681 2747 721 2771 11.
