1794 3100
278 244 364 300 400
630 245 936 290 NOTITIA
967 240 1390 294 LIT'ERARIA·

939 337 1052 379 1501.

328 423 514 474 Epistolae
536 423 725 463 Heroides
742 451 754 472 ‚
780 424 933 478 Sappho
949 434 987 466 et
1006 426 1046 465 in
1066 427 1164 466 Ibin.
1186 429 1232 466 In
1244 427 1319 468 fine
1337 445 1345 466 :
1367 445 1389 465 α
1402 431 1455 470 Et
1470 429 1526 470 sic
1540 439 1597 471 est
1613 432 1699 473 finis

275 487 389 542 hujus
413 487 539 541 operis
556 515 568 536 ‚
589 488 629 526 in
656 502 734 541 quo
761 489 842 528 haec
869 490 995 529 omnia
1026 490 1272 531 continentur
1298 492 1485 534 videlicet.
1506 495 1551 534 P.
1572 496 1703 538 Ovidii

277 554 446 594 Nasonis
483 553 669 607 Epistolae
698 554 912 604 Heroides,
933 548 1006 595 una
1035 572 1121 597 cum
1156 558 1454 611 expositionibus
1482 562 1704 603 eximiorum

275 621 447 662 virorum
462 650 473 670 ‚
495 619 592 659 Ant.
610 620 768 670 Volsci,
785 620 1040 677 Ubertinique
1065 623 1205 664 Clerici
1222 653 1234 673 ‚
1256 625 1564 668 Crescentinatis.
1585 630 1703 684 Ejus-

280 686 366 725 dem
402 685 534 727 Ovidii
557 686 709 739 Sappho
725 715 737 735 ‚
764 701 849 726 cum
880 689 1118 741 expositione
1142 690 1428 744 singularissimi
1456 691 1673 747 interpretis
1692 725 1705 746 ‚

279 751 439 790 Domitii
461 750 663 790 Calderini.
685 752 767 791 Nec
791 766 871 791 non
893 753 1061 807 ejusdem
1085 748 1218 796 Ovidii
1239 754 1386 797 libellus
1409 756 1449 795 in
1473 756 1592 808 Ibim‚
1617 774 1703 799 cum

282 817 522 872 expositione
541 818 707 871 ejusdem
727 818 903 858 Domitii.
929 820 1048 868 Quod
1069 835 1164 872 opus
1179 820 1337 861 feliciter
1353 823 1706 879 accuratissimeque

279 884 504 936 impressum
525 883 599 922 fuit
620 884 820 933 Venetiis‚
844 899 912 935 per
932 888 1119 925 Joannem
1137 886 1341 941 Aluysium
1357 887 1402 928 de
1417 889 1584 939 Varisio‚
1610 890 1702 930 Me-

282 950 374 990 diol.
399 950 672 999 MCCCCCI,
693 951 877 1006 vigesimo
890 953 1073 992 Kalendas
1094 953 1202 992 Julii.
1220 954 1316 994 Laus
1338 955 1438 994 Deo.
1454 972 1474 991 a
1499 955 1635 996 in-fol·
1649 979 1704 986 —

275 1016 441 1065 Panzer,
468 1023 562 1055 tom.
586 1017 688 1055 VIII
705 1045 716 1065 .,
739 1031 821 1071 pag.
846 1015 936 1067 344.

333 1087 521 1138 Epistolae
554 1102 640 1127 cum
663 1097 864 1128 comment.
894 1088 1101 1130 variorum.
1136 1091 1181 1129 In
1201 1089 1275 1130 fine
1300 1105 1308 1128 :
1332 1108 1351 1124 «
1373 1092 1603 1145 Impressum
1625 1072 1703 1132 Ve-
1738 1116 1739 1119 =

277 1153 386 1193 netiis
403 1168 470 1207 per
485 1156 510 1193 J
514 1169 674 1194 oannem
690 1154 899 1194 Tacuinum
914 1155 959 1195 de
975 1154 1151 1195 Tridino.
1166 1156 1244 1195 MD
1251 1157 1285 1205 1,
1304 1156 1363 1197 die
1377 1168 1403 1196 x
1415 1157 1554 1198 mensis
1567 1156 1700 1197 Julii.»
1735 1188 1739 1190 ,

276 1218 412 1257 in-fol.
438 1234 524 1258 cum
546 1219 609 1275 fig.
626 1242 681 1249 —-
698 1220 863 1270 Panzer,
882 1227 977 1260 tom.
997 1221 1124 1269 VIII,
1143 1235 1227 1275 pag.
1247 1219 1338 1271 341.

329 1290 586 1343 Epistolarum
610 1289 716 1330 liber.
738 1307 758 1326 α
780 1292 957 1344 Impress.
979 1290 1150 1344 Liptzick
1172 1307 1239 1346 per
1265 1291 1542 1332 Baccalaurium
1565 1291 1701 1332 Wolf-

275 1368 438 1410 gangum
461 1356 744 1405 Monacensem‚
758 1369 858 1395 anno
876 1355 1036 1395 Domini
1054 1356 1318 1396 MCCCCCI.
1338 1375 1357 1392 υ
1370 1355 1698 1405 in-4⁰.—-Panzer‚

274 1427 370 1459 tom.
392 1420 470 1458 Vll
489 1449 500 1469 ‚
527 1435 611 1474 pag.
633 1418 720 1460 138.

330 1496 377 1534 In
400 1496 571 1549 Sappho.
614 1495 831 1549 Sapphicon
866 1495 1033 1535 Arnoldi
1052 1490 1325 1538 'Westefeldes
1361 1497 1622 1540 Lindaviensis
1653 1499 1701 1538 ad

275 1561 488 1601 Lectorem.
506 1563 552 1600 In
567 1562 641 1602 fine
661 1577 670 1600 ε
696 1580 715 1596 «
732 1564 962 1615 Impressum
978 1562 1096 1615 Lipzk
1112 1577 1178 1616 per
1198 1562 1384 1603 Jacobum
1404 1564 1439 1603 T
1443 1564 1586 1604 hanner
1599 1565 1701 1604 Her-

274 1626 507 1680 bipolensem
523 1656 533 1676 ‚
558 1642 658 1667 anno
681 1627 808 1667 salutis
823 1635 954 1668 nostre
974 1626 1088 1667 1501.
1102 1646 1122 1664 n
1139 1627 1251 1676 in-40.
1262 1651 1317 1659 -
1330 1629 1470 1668 Panzer
1485 1658 1496 1679 ‚
1510 1637 1605 1670 tom.
1623 1630 1699 1678 Xl,

274 1707 359 1747 pag.
383 1691 475 1747 429.

328 1765 419 1804 Duo
447 1764 533 1803 libri
561 1765 799 1804 continentes
831 1764 986 1804 Amoris
1014 1765 1207 1805 Remedia.
1245 1767 1292 1804 In
1322 1765 1396 1804 fine
1421 1781 1430 1804 t
1458 1783 1477 1800 «
1499 1766 1544 1805 P.
1569 1766 1699 1807 Ovidii

276 1830 442 1870 Nasonis
464 1830 509 1868 de
530 1829 716 1868 Remedio
738 1829 894 1869 Amoris
917 1828 1003 1868 libri
1023 1830 1099 1869 duo
1119 1844 1128 1867 ε
1147 1828 1331 1868 industria
1355 1829 1522 1869 Arnoldi
1537 1831 1700 1870 Weste-

274 1893 390 1935 fcldes
418 1896 668 1950 ingenuarum
690 1894 826 1933 artium
846 1894 1015 1949 magistri
1034 1895 1231 1935 emendati.
1250 1895 1368 1935 Anno
1389 1910 1409 1934 a
1431 1895 1542 1936 natali
1562 1896 1697 1936 Chris-

273 1961 378 2000 tiano
409 1958 505 2000 1501
520 1988 531 2008 ‚
558 1960 720 2013 septimo
756 1959 843 1998 Idus
870 1959 977 1998 Junii
997 1974 1005 1997 :
1025 1958 1185 2005 feliciter
1208 1960 1470 2000 terminantur.
1490 1979 1510 1997 υ
1540 1961 1697 2016 Insigne

275 2036 353 2082 typ.
377 2029 456 2067 Jac.
478 2027 669 2066 Thanner.
685 2024 808 2072 in—40.
831 2048 884 2054 —
902 2026 1063 2074 Panzer⁷
1088 2025 1176 2065 ibid.

329 2097 460 2138 Ovidii
472 2097 687 2151 quindecim
703 2094 1059 2149 Metamorphoseos
1077 2096 1163 2135 libri
1179 2097 1397 2152 diligentius
1412 2099 1601 2153 recogniti
1611 2113 1697 2139 cum

273 2162 511 2203 familiaribus
526 2161 803 2202 commentariis
818 2176 827 2199 ε
845 2169 883 2201 et
899 2161 1021 2201 indice
1037 2160 1269 2212 alphabetico
1284 2163 1328 2202 ab
1347 2163 1535 2204 Ascensio
1555 2179 1696 2205 summa

276 2242 365 2268 cura
387 2230 550 2268 collecto
570 2244 579 2267 ι

494 2327 532 2375 Si
545 2326 654 2362 virtus
668 2326 774 2361 animi
792 2327 894 2360 rebus
910 2333 1071 2371 praestare
1088 2326 1225 2362 caducis

494 2387 662 2422 Creditur
679 2400 687 2422 ε
706 2387 846 2422 excultis
861 2387 909 2421 nil
927 2387 1074 2432 dignum
1091 2387 1222 2422 duxero
1242 2388 1345 2423 libris.

492 2448 582 2483 Ecce
601 2461 721 2493 parare
739 2448 801 2482 tibi
819 2447 962 2493 posthac
979 2447 1132 2482 studiosa
1149 2448 1313 2491 juventus
1336 2460 1345 2482 l

492 2510 578 2544 AEre
598 2517 695 2554 potes
711 2508 850 2543 modico
866 2521 950 2553 quos
968 2508 1080 2542 multo
1094 2507 1329 2553 impressimus
1349 2508 1444 2544 aito.

273 2607 551 2646 Venundantur
571 2605 749 2658 Lugduni
772 2603 818 2643 ab
837 2602 983 2644 Jacobo
1006 2605 1239 2657 Huguetano
1262 2605 1428 2658 ejusdem
1452 2604 1607 2646 civitatis
1629 2603 1694 2643 bi·-

275 2670 439 2721 bliopola
459 2677 497 2708 et
517 2670 596 2710 cive
612 2670 651 2708 in
670 2668 755 2709 vico
776 2667 987 2708 mercuriali
1007 2697 1017 2717 ‚
1038 2676 1109 2708 etc.
1135 2670 1188 2707 Et
1206 2669 1397 2719 parrhisiis
1418 2669 1458 2709 in
1472 2669 1558 2710 vico
1576 2671 1693 2709 sancti

274 2735 406 2777 Jacobi
440 2734 510 2775 sub
543 2735 639 2775 Diva
667 2733 826 2787 Virgine
855 2748 975 2784 prope
1005 2734 1186 2774 Sanctum
1220 2735 1479 2776 Benedictum.
1516 2736 1560 2774 In
1582 2733 1687 2776 fine:
