1794 3100
298 202 385 247 ⁷128
739 204 790 246 P.
836 204 1069 250 OVIDII
1117 206 1285 251 VITA

516 310 587 346 Seu
605 311 756 356 trepidos
773 312 813 346 ad
832 313 908 357 jura
925 316 1036 348 decem
1053 314 1133 349 citat
1147 314 1243 349 hasta
1258 318 1399 350 vir-orum
1411 342 1421 358 ,

515 370 562 405 Et
577 370 715 405 firmare
733 372 831 416 jubet
848 379 982 407 centeno
987 374 1104 417 judice
1120 387 1246 409 causas.

299 462 563 511 Eorumdem
597 464 693 529 jura
721 465 863 514 Caesar
883 466 1111 528 Augustus
1135 468 1274 525 auxit,
1296 469 1457 535 quippe
1482 470 1580 536 qui,
1603 489 1704 520 nar-

298 550 419 587 rante
443 540 654 587 Suetonio
686 546 726 598 ¹‚
749 553 901 589 auctor
920 543 1004 589 fuit
1018 581 1029 600 ‚
1052 545 1366 592 centumviralem
1384 545 1562 602 hastam,
1585 566 1703 613 quam

296 618 643 684 qaoesturafuncti
657 630 932 668 consueverant
951 639 1084 686 cogere
1097 661 1109 677 ‚
1143 622 1352 671 decemviri
1369 634 1557 689 cogerent.

363 696 424 744 Cl.
450 716 551 745 vero
579 696 772 745 Graevius
795 703 810 721 ²
835 697 1077 756 affirmans,
1102 699 1338 749 decemviros
1357 739 1368 756 ,
1397 720 1486 748 non
1508 720 1631 749 secus
1655 720 1704 750 ac

296 792 447 821 omnes
461 773 628 838 judices
644 786 685 821 et
699 774 989 822 centumviros
1001 775 1328 840 ‚falsseprivalos
1341 815 1352 831 ,
1377 775 1453 824 hoc
1468 787 1549 832 est,
1571 777 1704 825 nullas

293 851 571 915 magistratus,
589 850 676 898 sine
693 851 856 915 tinperio
875 860 915 898 et
923 847 1126 915 potestate?
1137 890 1148 907 ‚
1187 852 1423 901 revincitur
1443 852 1509 901 vel
1531 871 1582 901 ex
1606 853 1702 902 solo

292 927 530 994 Pomponii
551 926 649 974 loco
671 927 755 991 jam
779 926 975 992 prolato,
998 926 1076 974 ubi
1099 927 1257 975 diserte
1285 942 1313 975 X
1338 929 1502 977 viratus
1524 941 1703 979 vocatur

292 1006 558 1070 magistratus.
587 1005 718 1051 Hunc
745 1022 1003 1070 omnemque
1018 1004 1360 1066 yigintiviratum
1381 1007 1428 1054 in
1446 1020 1620 1057 senatus
1635 1028 1703 1058 ar·-

292 1082 429 1130 bitrio
454 1082 535 1129 sub
558 1081 740 1129 Tiberio
762 1081 920 1139 fuisse,
951 1079 1078 1130 docet
1101 1083 1280 1131 Tacitus
1307 1082 1338 1141 ³,
1364 1104 1498 1150 quum
1522 1085 1698 1144 scribit,

293 1180 389 1209 eum
413 1178 437 1206 a
463 1158 663 1224 patribus
693 1157 1005 1224 postulavisse,
1032 1171 1080 1207 ut
1105 1161 1222 1208 Ner'o
1242 1198 1254 1217 ‚
1293 1160 1536 1210 Germanici
1555 1162 1671 1211 filius
1686 1199 1698 1220 ‚

290 1255 450 1285 munere
477 1234 710 1301 capessendi
726 1235 1016 1300 vzgrae'ntivimtas
1037 1236 1260 1284 solveretur.
1297 1237 1472 1287 Scilicet
1493 1239 1697 1306 princeps

289 1313 364 1361 ille
385 1312 532 1361 statim
556 1322 661 1376 post
682 1310 873 1371 Augusti
895 1310 1098 1359 obitum
1084 1331 1154 1376 Jus
1177 1311 1364 1374 eligendi
1382 1314 1659 1377 magistratus
1674 1334 1698 1363 a
1738 1345 1741 1347 ·

288 1388 460 1459 populo
483 1388 536 1435 ad
559 1398 757 1435 senatum
778 1400 1035 1444 removerat,
1057 1399 1107 1435 ut
1125 1399 1223 1436 ante
1241 1390 1419 1438 Tacitus
1441 1388 1458 1420 ⁴
1479 1392 1694 1445 narravit:

294 1490 317 1511 «
342 1468 457 1513 Tum
479 1463 667 1530 primum
691 1481 713 1510 e
739 1481 892 1548 campo
916 1463 1091 1511 comitia
1111 1463 1165 1510 ad
1182 1475 1326 1529 patres
1342 1465 1549 1515 translata
1565 1479 1695 1525 sunt;

291 1566 315 1587 ›
341 1560 440 1589 nam
453 1539 508 1588 ad
523 1558 615 1587 eam
629 1538 769 1595 diem,
793 1538 875 1587 etsi
889 1538 1115 1605 potissima
1126 1539 1308 1586 arbitrio
1329 1541 1562 1607 principis,
1579 1561 1699 1608 quae-

289 1642 312 1662 »
342 1619 440 1666 dam
463 1628 613 1663 tamen
636 1613 792 1662 studiis
814 1613 1010 1662 tribuum
1029 1614 1212 1674 fiebant,
1237 1628 1316 1664 etc.
1340 1638 1363 1658 »

353 1694 490 1743 Aliud
505 1704 704 1758 superest
720 1691 1001 1740 decemviratus
1018 1653 1319 1757 privilegium,-
1338 1692 1455 1758 quod
1471 1693 1543 1742 hic
1555 1693 1695 1743 fusius

285 1770 577 1823 enarrandum
601 1767 719 1815 venit
735 1804 746 1825 ,
781 1786 916 1832 quum
941 1768 995 1815 ab
1021 1768 1183 1816 Ovidio
1208 1768 1264 1815 sit
1283 1769 1540 1827 indicatum,
1562 1782 1695 1836 atque

286 1850 341 1898 ad
365 1848 455 1912 ejus
478 1843 692 1893 honorem
717 1853 902 1908 spectet,
928 1861 1008 1890 nec
1031 1843 1136 1891 satis
1155 1844 1382 1909 hucusque
1402 1843 1543 1892 doctis
1563 1845 1695 1893 inter-

282 1927 484 1994 pretibus
504 1921 773 1971 intellectum
791 1921 935 1969 fuerit.
962 1922 1031 1968 En
1055 1920 1243 1986 primum
1261 1921 1356 1987 ipsa
1376 1935 1516 1988 poetae
1536 1924 1689 1984 verba,

283 2004 399 2050 Fast.
429 2000 505 2047 lib.
528 2001 606 2055 IV,
629 2015 737 2044 vers.
765 1994 1006 2061 377-382:

500 2115 613 2148 Tertia
630 2112 687 2146 lux
706 2110 896 2154 (memini)
913 2111 1005 2144 ludis
1023 2117 1097 2144 erat
1113 2122 1120 2143 :
1136 2116 1169 2144 at
1183 2109 1270 2144 mihi
1286 2111 1426 2155 quidam

541 2172 719 2218 Spectanti
736 2171 870 2214 senior,
890 2170 1139 2216 contiguusque
1155 2170 1231 2205 loco
1242 2197 1252 2215 ,

497 2231 603 2274 Haec,
622 2229 689 2273 ait,
709 2228 765 2262 ina
781 2228 872 2271 dies,
891 2227 1024 2274 Libycis
1041 2240 1108 2272 qua
1124 2226 1241 2262 Caesar
1256 2228 1292 2262 in
1308 2229 1376 2263 oris

541 2288 683 2324 Perfida
698 2287 913 2333 magnanimi
929 2286 1089 2322 contudit
1106 2300 1200 2321 arma
1216 2289 1322 2322 Jubae.

498 2349 579 2384 Dux
594 2348 680 2383 mihi
700 2350 812 2382 Caesar
825 2354 917 2387 erat,
934 2348 997 2382 sub
1016 2360 1086 2392 quo
1104 2348 1269 2384 meruisse
1284 2349 1444 2392 [tribunus

538 2409 680 2444 Glorior
696 2422 703 2443 :
722 2408 838 2443 officio
855 2407 989 2453 praefuit
1006 2407 1062 2443 ille
1077 2421 1167 2443 meo.

322 2524 334 2543 ¹
358 2521 401 2555 In
422 2519 510 2565 Aug.
527 2532 598 2564 cap.
617 2519 669 2553 36.

321 2580 337 2599 ²
359 2576 463 2612 Praef.
482 2583 565 2611 tom.
579 2575 635 2618 ΙΙ,
654 2573 757 2609 Thes.
779 2573 898 2618 Antiq.
914 2573 1017 2607 Rom.

322 2631 336 2654 ³
359 2631 485 2666 Annal.
502 2631 559 2664 lib.
578 2631 649 2672 111,
666 2642 737 2674 cap.
756 2642 806 2675 29.

323 2687 337 2710 ⁴
361 2685 486 2721 Annal.
504 2684 561 2718 lib.
581 2684 618 2727 1,
638 2696 709 2728 cap.
729 2686 778 2718 15.
