1794 3100
461 209 463 212 ’
524 219 612 262 ΕΤ
646 216 1158 262 PRAEFATIONES.
1475 222 1561 281 307

107 314 251 365 tione
277 312 336 362 ad
365 313 533 362 Liviam
564 332 700 381 super
724 325 866 362 morte
887 313 1050 370 Drusi,
1077 312 1289 362 Ovidium
1320 332 1475 363 rursus
1499 327 1565 364 at-

131 393 377 456 tingerem:
391 411 485 441 non
502 391 622 459 quod
638 411 739 441 eum
756 403 980 440 auctorem
994 391 1295 459 adspernarer,
1308 410 1437 461 quem
1457 412 1568 442 sem-

127 489 210 539 per
232 470 478 520 existimavi
497 470 747 538 perbonum
765 481 806 518 et
821 469 1057 537 perutilem
1073 469 1189 537 stylo
1202 470 1443 535 juventutis
1461 491 1470 519 ε
1491 472 1569 519 sed

111 547 254 615 *quod
277 547 408 596 istam
432 565 614 616 operam
635 547 872 596 arbitrarer
893 546 939 594 in
957 546 1297 596 obscurioribus
1321 547 1500 614 scriptis
1515 547 1568 595 il-

129 626 372 676 lustrandis
390 625 548 676 melius
563 626 771 675 collocari
792 645 940 693 posse.
961 626 1136 674 Mutavi
1151 638 1294 675 tamen
1309 626 1542 676 consilium
1557 648 1568 685 ;

126 722 213 753 nec,
229 715 466 771 propterea
489 702 681 752 levitatis
707 715 751 753 et
770 702 1080 751 inconstantiae
1098 702 1260 751 crimen
1280 703 1569 770 pertimesco:

130 783 240 850 quin
265 801 346 832 vos
369 801 548 850 quoque
573 801 703 849 spero
739 801 880 831 meam
913 780 1129 830 rationem
1154 800 1247 830 esse
1268 783 1565 848 probaturos,

126 859 208 909 ubi
236 878 315 908 cur
336 859 384 908 id
415 860 560 908 fecero
592 858 868 921 intelligetis.
902 857 1100 906 Primum
1135 858 1349 924 quaerenti
1381 859 1493 907 mihi
1525 871 1569 908 et

124 937 500 1006 circumspicienti
525 935 726 986 libellum
754 936 832 1003 qui
849 937 1012 985 horum
1037 936 1208 985 dierum
1233 937 1436 986 brevitati
1459 957 1570 986 con-

127 1017 320 1076 veniret,
347 1016 542 1065 occurrit
564 1016 674 1064 mihi
696 1016 789 1064 haec
812 1016 865 1064 de
888 1014 1076 1064 Achillis
1098 1015 1231 1065 armis
1254 1016 1371 1065 inter
1394 1017 1571 1082 Ajacem

127 1107 173 1145 et
190 1095 396 1162 Ulyssem
420 1095 650 1144 contentio
669 1094 824 1161 paucis
847 1094 1068 1160 descripta
1085 1094 1289 1143 versibus
1318 1115 1328 1143 ε
1351 1095 1571 1163 simulque

126 1173 300 1239 objecta
324 1174 582 1222 Terentiani
604 1174 728 1222 Getae
743 1172 926 1235 religio,
947 1191 1031 1239 qua
1048 1172 1221 1221 facilius
1234 1192 1428 1232 moveor,
1451 1174 1573 1241 quod

126 1269 235 1300 meae
256 1249 376 1299 favet
398 1250 584 1313 ignavia:
613 1271 623 1299 ε
655 1250 886 1298 interdixit
915 1249 1114 1300 hariolus
1144 1272 1154 1299 ε
1185 1251 1404 1318 haruspex
1434 1253 1574 1300 vetuit

49 1348 56 1354 ·
125 1327 297 1395 aliquid
330 1328 483 1392 magni
519 1339 620 1377 ante
657 1329 863 1377 brumam
896 1328 1104 1396 incipere.
1141 1330 1312 1379 Deinde
1335 1332 1391 1379 ab
1419 1332 1568 1382 officio

126 1417 316 1465 nostro,
351 1417 644 1493 susceptaque
678 1405 942 1473 eloquentiae
975 1406 1285 1473 professione,
1310 1428 1403 1457 non
1430 1423 1496 1460 est
1526 1412 1571 1460 id

125 1500 301 1532 carmen
314 1481 538 1551 alienum,
560 1483 607 1530 in
629 1502 718 1550 quo
735 1495 841 1531 nota
859 1483 1086 1532 rhetorum
1107 1497 1325 1551 praecepta
1342 1505 1474 1535 nemo
1493 1488 1566 1537 de—

124 1561 313 1621 sideret;
335 1562 427 1612 sive
447 1546 505 1611 ad
525 1562 658 1619 fidem
692 1562 963 1621 faciendam,
993 1563 1081 1612 sive
1105 1562 1161 1611 ad
1196 1563 1437 1614 flectendos
1460 1586 1566 1634 per-

123 1640 455 1708 movendosque
483 1640 655 1689 animos
685 1659 839 1689 eorum
871 1641 950 1707 qui
984 1641 1210 1691 audiunt:
1238 1661 1480 1712 omnesque
1501 1645 1564 1695 fa-

125 1730 301 1767 teantur
322 1738 418 1768 esse
442 1719 719 1768 verissimum
756 1718 876 1786 quod
908 1720 955 1766 in
980 1717 1100 1766 libro
1121 1720 1269 1786 primo
1296 1721 1348 1770 de
1374 1723 1562 1772 Oratore

123 1796 285 1845 scribit
318 1798 500 1846 Marcus
521 1795 701 1845 Tullius
739 1817 748 1844 :
789 1820 810 1840 «
838 1795 1074 1847 Finitimus
1101 1808 1167 1846 est
1198 1799 1365 1846 oratori
1401 1812 1563 1865 poeta,

128 1895 150 1914 »
175 1873 377 1923 numeris
402 1873 650 1923 devinctior
684 1873 847 1940 paulo,
873 1873 1110 1923 verborum
1144 1873 1319 1923 licentia
1352 1875 1560 1937 liberior,

127 1974 151 1994 υ
175 1951 329 2002 multis
350 1951 537 2001 ornandi
569 1951 808 2014 generibus
837 1951 1011 2010 socius,
1046 1971 1095 2000 ac
1118 1971 1241 2018 paene
1274 1972 1379 2019 par,
1404 1954 1450 2002 in
1473 1955 1559 2004 hoe

128 2054 151 2073 υ
178 2031 316 2080 ferme
339 2031 480 2090 idem,
513 2032 636 2098 quod
660 2030 796 2080 nullis
822 2031 1156 2080 circumscribat
1185 2033 1383 2083 terminis
1407 2051 1455 2082 ac
1480 2036 1559 2084 de-

126 2132 150 2152 »
175 2109 303 2158 finiat
321 2109 393 2175 jus
415 2129 541 2159 suum
556 2147 568 2168 ,
597 2111 836 2177 quominus
857 2111 896 2158 ei
914 2110 1043 2159 liceat
1058 2149 1068 2169 ‚
1092 2111 1241 2160 eadem
1260 2111 1334 2167 illa
1352 2113 1557 2165 facultate

127 2211 149 2230 »
178 2199 223 2236 et
245 2187 393 2254 copia,
417 2188 564 2250 vagari
588 2207 675 2255 qua
697 2188 817 2239 velit.
842 2211 864 2232 »
894 2191 954 2238 Et
972 2190 1016 2237 in
1035 2188 1152 2238 libro
1179 2191 1309 2239 tertio
1330 2211 1340 2238 :
1361 2215 1384 2234 κ
1407 2192 1558 2243 Poetis

125 2289 149 2309 ι)
177 2279 247 2316 est
266 2285 366 2317 cum
384 2267 643 2315 oratoribus
660 2267 860 2333 proxima
877 2268 1098 2331 cognatio.
1123 2290 1146 2310 »
1169 2269 1280 2316 Item
1296 2269 1343 2316 in
1367 2270 1558 2320 Oratore

119 2346 175 2395 ad
197 2346 388 2395 Brutum
411 2366 420 2394 :
444 2368 467 2389 «
491 2346 637 2395 Etiam
655 2358 797 2412 poetae
815 2347 1099 2413 quaestionem
1117 2346 1398 2406 adtulerunt,
1426 2350 1554 2415 quid-

124 2448 146 2467 »
174 2443 278 2473 nam
298 2423 412 2473 illud
435 2436 550 2474 esset
565 2462 577 2481 ,
609 2443 698 2490 quo
722 2424 809 2491 ipsi
834 2424 889 2472 ab
916 2425 1169 2475 oratoribus
1193 2425 1450 2476 differrent:
1470 2447 1556 2476 nu-

124 2526 147 2546 »
172 2521 297 2551 mero
317 2514 444 2552 antea
462 2503 725 2551 videbantur
741 2514 786 2551 et
807 2520 932 2550 versu
957 2523 966 2550 :
986 2522 1104 2551 nunc
1125 2503 1244 2570 apud
1264 2515 1459 2553 oratores
1477 2525 1554 2554 nu·

123 2603 146 2623 »
174 2599 322 2629 merus
344 2580 578 2629 increbuit.
606 2582 703 2629 Hoc
723 2592 869 2629 autem
886 2580 1154 2628 laudabilior
1173 2593 1240 2630 est
1259 2594 1410 2647 poeta,
1433 2583 1554 2650 quod

125 2683 148 2703 υ
173 2660 364 2709 oratoris
386 2660 574 2709 virtutes
595 2661 902 2727 persequitur,
927 2678 1026 2708 cum
1060 2680 1244 2710 numero
1274 2674 1342 2710 sat
1370 2662 1555 2711 adstric-

126 2761 148 2780 »ν
177 2739 278 2788 tior.
298 2762 320 2782 »ι
340 2740 402 2787 At
412 2739 498 2787 hoc
519 2758 675 2805 poema
694 2739 742 2787 in
762 2739 945 2788 minutis
963 2737 1127 2788 scholis
1145 2739 1320 2798 tritum,
1339 2751 1383 2788 et
1404 2740 1553 2806 pueris
