1794 3100
587 239 720 282 PER
754 240 797 282 J.
832 238 1139 283 MASSON.
1496 241 1581 284 213

153 333 316 403 quibus
340 331 619 381 manifestum
655 331 833 395 quidem
869 344 934 381 est
949 372 959 391 ‚
983 331 1213 382 Tiberium
1231 369 1243 390 ‚
1269 332 1322 380 de
1349 333 1584 382 Germania

149 412 237 478 jam
262 411 556 477 triumphata,
587 421 719 477 atque
754 411 885 459 etiam
919 411 973 459 de
998 412 1096 476 ejus
1128 411 1343 479 triumphi
1366 412 1586 462 manubiis

152 488 288 538 aedem
309 488 568 537 Concordiae
590 489 904 538 construxisse.
926 490 990 537 At
1008 509 1111 554 vero
1130 489 1222 538 haec
1241 501 1346 538 sunt
1364 489 1418 537 de
1441 490 1590 538 trium-

151 566 245 634 pho
263 565 549 630 intelligenda
565 604 577 623 ‚
595 585 726 633 quem
743 566 818 616 ille
838 567 1045 634 pluribus
1065 579 1163 616 ante
1182 568 1274 616 haec
1291 566 1417 615 annis
1434 566 1587 623 ducto,

153 642 321 693 scilicet
338 663 406 693 an.
427 646 484 693 U.
508 645 558 693 C.
581 656 807 694 DCCXLVII
824 683 835 703 ,
862 665 952 712 quo
969 645 1155 712 ipsemet
1180 665 1279 694 cum
1302 646 1464 694 Pisone
1482 663 1591 692 con-

152 722 223 772 sul
245 722 404 772 iterum
422 761 435 781 ‚
460 723 658 790 ipsisque
683 723 870 772 kalendis
889 723 1108 772 Januariis
1131 724 1322 789 templum
1350 722 1591 772 Concordia?

151 799 309 848 sibimet
335 800 419 866 ipsi
445 800 699 866 reficiendum
731 801 936 868 injunxit,
969 811 1013 849 ut
1045 821 1119 850 suo
1141 811 1181 849 et
1206 801 1348 849 Drusi
1370 800 1528 848 nomine
1545 798 1592 847 id

152 878 400 936 inscriberet,
425 898 474 927 ac
498 879 642 928 dea'nde
658 879 941 946 tn'umphavit,
969 892 1174 929 narrante
1205 886 1214 904 ¹
1241 880 1401 927 Dione.
1430 879 1588 926 Sueto-

153 957 256 1006 nius
279 975 382 1021 ergo
402 957 576 1006 videtur
598 958 711 1006 duos
737 957 1006 1007 confundere
1023 959 1193 1008 Tiberii
1214 959 1479 1025 triumphos.
1501 957 1588 1006 Sed

157 1035 210 1084 de
235 1035 307 1084 his
327 1036 416 1102 jam
436 1036 557 1085 satis.

889 1151 1039 1163 nuum

401 1262 511 1297 Anno
529 1261 572 1297 C.
589 1272 650 1305 κη
669 1263 717 1298 U.
732 1263 774 1298 C.
792 1274 970 1306 nccmuv3
990 1263 1109 1300 Ovidii
1128 1276 1196 1300 L111
1209 1272 1244 1300 et
1263 1276 1334 1300 nv.

264 1356 317 1392 Μ.
341 1356 542 1393 AEMILIO
567 1357 779 1403 LEPIDO,
805 1359 848 1393 T.
873 1358 1111 1395 STATILIO
1136 1359 1316 1395 TAURO
1345 1359 1482 1396 COSS.

223 1454 258 1502 I.
279 1453 356 1502 AD
378 1453 498 1503 hunc
514 1472 679 1503 annum
701 1454 871 1503 adtinet
890 1455 937 1503 T
936 1455 1089 1503 rislz‘um
1108 1454 1224 1504 liber
1242 1457 1321 1514 IV,
1344 1475 1474 1523 quem
1497 1459 1589 1506 Ro-

155 1547 268 1578 mam
293 1529 414 1578 misit
435 1568 447 1586 ‚
482 1550 619 1596 quum
642 1531 690 1579 in
727 1531 875 1580 Ponto
910 1531 1095 1579 sollicitoe
1112 1532 1271 1598 jaceret
1303 1552 1427 1581 novus
1458 1534 1591 1582 incola

156 1604 289 1662 sedis,
314 1604 441 1669 Eleg.
466 1619 510 1665 Ι,
534 1626 644 1656 vers.
670 1606 748 1656 85.
777 1607 952 1656 Deinde
978 1607 1151 1674 liquido
1173 1608 1366 1666 indicat,
1388 1608 1515 1672 Eleg.
1540 1623 1592 1657 VI

156 1702 206 1734 ac
227 1697 297 1734 VII
320 1685 515 1734 secundo
540 1686 682 1736 exsilii
700 1687 1054 1735 annoconditam
1071 1707 1178 1737 esse.
1208 1687 1288 1737 llla
1315 1689 1430 1736 enim
1445 1727 1457 1747 ‚
1476 1709 1585 1739 vers.

164 1782 220 1832 19
244 1776 289 1813 et
311 1782 374 1813 20
388 1803 400 1825 ,
422 1765 484 1814 ait
503 1786 513 1813 :

378 1865 431 1901 Ut
447 1859 557 1911 pa'tria
573 1879 675 1902 careo
688 1893 698 1909 ‚
716 1866 767 1902 bis
781 1867 938 1913 frugibus
954 1880 1033 1902 area
1050 1867 1131 1903 trita
1148 1875 1198 1903 est
1213 1882 1221 1909 ;

422 1927 582 1963 Dissiluit
596 1928 694 1963 nudo
710 1941 825 1974 pressa
840 1929 891 1963 bis
907 1942 973 1963 uva
991 1928 1092 1975 pede.

159 2005 323 2072 quibus
358 2006 575 2071 significat
591 2046 603 2066 ‚
634 2027 680 2057 se
708 2008 829 2057 haud
850 2020 951 2057 ante
973 2008 1106 2074 hujus
1129 2009 1232 2056 anni
1263 2020 1526 2057 autumnum
1547 2009 1595 2057 id

159 2102 333 2133 carmen
351 2084 606 2152 scripsisse3
628 2086 847 2153 siquidem
865 2086 920 2135 ab
942 2105 1058 2135 anno
1079 2088 1137 2134 U.
1161 2087 1211 2134 C.
1238 2097 1426 2135 DCCLXII
1449 2087 1594 2154 exspi-

157 2175 282 2212 rante
300 2200 312 2221 ‚
339 2183 428 2230 quo
450 2166 592 2231 patria
615 2165 773 2232 pulsus
798 2178 888 2223 est,
912 2185 991 2214 uva
1017 2166 1079 2214 bis
1100 2184 1245 2232 pressa
1279 2166 1365 2214 diei
1394 2186 1484 2215 non
1511 2186 1595 2233 po-

158 2241 269 2300 tuit,
293 2242 381 2292 nisi
399 2242 576 2309 demum
593 2255 699 2310 post
712 2244 896 2310 hujusce
913 2245 1015 2294 anni
1035 2245 1290 2294 vindemias.
1317 2246 1472 2309 Elegia
1488 2267 1592 2296 vero

157 2332 228 2369 Vll
250 2320 430 2379 scribit,
450 2339 561 2369 vers.
596 2339 613 2366 1
644 2332 688 2369 et
713 2338 740 2368 2
761 2341 772 2368 ε

377 2418 436 2455 Bis
452 2432 510 2454 me
529 2419 578 2454 sol
597 2419 681 2454 adiit
696 2419 819 2465 gelida>
833 2427 910 2465 post
924 2421 1054 2468 frigora
1073 2423 1207 2458 brumae
1221 2449 1230 2465 ,

424 2480 552 2527 Bisque
570 2493 673 2516 suum
688 2487 779 2516 tacto
796 2482 894 2517 Pisce
910 2483 1044 2529 peregit
1059 2483 1126 2518 iter
1137 2510 1147 2527 ,
1165 2490 1229 2518 etc.

156 2594 214 2629 lib.
230 2594 288 2638 11,
305 2607 393 2630 vers.
415 2595 473 2629 151
495 2605 503 2626 :
525 2609 542 2625 κ
561 2596 662 2630 livia
683 2595 731 2630 sic
749 2601 867 2630 tecum
882 2595 1023 2631 sociales
1037 2596 1211 2641 compleat
1229 2608 1340 2630 annos
1358 2622 1367 2639 ,
1395 2596 1487 2641 Quae
1499 2623 1508 2641 ,
1526 2596 1591 2632 nisi

158 2659 191 2687 te
205 2678 215 2695 ,
234 2651 332 2687 nullo
347 2653 497 2698 conjuge
515 2652 621 2699 digna
636 2653 723 2694 suin
743 2667 760 2683 »
779 2659 815 2687 et
834 2666 874 2687 ex
891 2653 1027 2697 Ponto,
1046 2653 1102 2688 lib.
1125 2654 1180 2697 II,
1204 2653 1272 2700 Ep.
1292 2665 1381 2698 vul,
1409 2667 1497 2689 vers.
1517 2668 1559 2702 29

161 2723 179 2756 «f
197 2709 336 2754 Perque
352 2709 420 2744 tori
434 2708 564 2744 sociam
575 2735 586 2752 ‚
606 2721 683 2755 quae
698 2722 761 2753 par
778 2709 839 2745 tibi
853 2708 924 2743 sola
942 2710 1080 2754 reperta
1095 2716 1146 2744 est
1161 2736 1170 2752 ,
1189 2716 1254 2745 etc.
1269 2724 1287 2739 »

208 2771 217 2790 ¹
245 2769 317 2804 Lib.
334 2769 414 2812 LV,
431 2782 507 2815 pag.
527 2770 601 2804 553.
