1794 3100
551 245 621 290 IN
655 247 895 292 OVIDII
927 248 1090 292 IBIN.
1477 249 1528 292 61

370 353 534 391 Livorem
551 355 683 401 pepulit
696 355 800 391 simul
816 355 871 391 ille
885 382 894 399 ,
914 356 1088 401 simulque
1104 357 1250 392 locutus.

368 416 530 464 Assyrius
547 416 615 451 late
632 415 712 451 fluit
728 416 840 451 amnis
851 443 861 460 ,
883 423 918 451 at
933 416 988 451 ille
1008 417 1169 462 palustris

368 475 530 512 Illuviem
548 482 652 511 terra>
670 475 859 522 sordesque
878 476 1011 512 volutat
1027 477 1063 512 in
1083 477 1198 513 undis.

367 535 451 572 Non
469 537 590 583 quovis
609 535 733 572 Cereri
748 535 857 572 libant
873 550 892 573 e
911 537 1011 573 fonte
1030 538 1182 574 Melissae
1197 565 1206 583 ,

368 597 439 632 Sed
458 597 517 643 qui
533 597 699 643 limpidus
718 604 791 640 est,
811 604 847 632 et
864 597 936 632 limi
952 597 1086 643 prosilit
1104 611 1225 645 expers
1241 626 1250 643 ,

367 656 476 695 Sacro
492 657 591 694 fonte
608 657 701 693 latex
717 672 843 704 parvus
854 685 864 703 ,
882 658 947 695 flos
962 672 1122 695 summus
1136 672 1316 706 aquarum.

368 716 469 753 Salve
481 745 491 762 ,
505 731 566 754 rex
579 745 588 763 ,
606 719 706 754 abeat
722 731 792 765 quo
811 732 896 754 crux
912 719 978 755 erit
994 719 1134 756 invidus
1150 720 1217 756 ille.

110 811 301 860 Causam
316 824 462 863 autem
484 812 655 880 profert
673 813 951 862 Nicodemus‘
965 812 1242 863 Frischlinus
1263 814 1309 861 in
1330 814 1416 862 vita
1442 816 1544 865 Cal-

106 885 284 940 limachi
308 908 445 952 graece
469 883 718 959 conscripta
741 911 751 939 :
777 897 846 946 Εἰς
873 896 914 940 ὃν
938 897 1001 939 καὶ
1021 896 1168 956 ποίημα
1190 895 1449 946 ἐπιτετήδευκε
1480 898 1544 941 διὰ

105 973 151 1015 τὸ
176 973 470 1032 προσποιητικόν
490 974 629 1017 ἐκεῖνον
652 975 744 1017 εἶναι
769 980 843 1018 τῶν
862 974 1121 1034 Καλλιμάχου
1142 973 1299 1031 βιςλίων
1313 1009 1324 1028 ,
1346 977 1409 1019 καὶ
1427 976 1542 1019 ἀλλο·

47 1061 51 1074 “
105 1053 220 1111 τρίων
241 1054 383 1096 πόνων·
403 1049 576 1110 ὠνόμασε
590 1048 628 1095 δ’
645 1053 762 1098 αὐτὸν
775 1059 987 1115 κρυπτικῶς
998 1043 1089 1108 iffa»,
1101 1055 1151 1104 ὡς
1164 1055 1227 1098 καὶ
1244 1051 1422 1099 Νάσωνὸ
1439 1073 1543 1106 ποιη-

106 1126 171 1180 nic
192 1134 292 1175 οὕτω
313 1111 394 1181 mim
414 1133 612 1194 μαρτυρεῖ.
635 1150 657 1170 «
679 1129 732 1176 In
749 1127 868 1177 hunc
883 1127 1199 1186 Callimachus,
1218 1130 1339 1195 quod
1355 1148 1459 1179 suos
1471 1130 1545 1178 ille

112 1226 136 1246 »
165 1203 306 1253 libros
330 1204 417 1253 sibi
440 1217 688 1268 arrogaret,
716 1217 757 1253 et
781 1205 948 1255 alienos
970 1205 1146 1255 labores
1168 1226 1251 1274 pro
1277 1208 1369 1256 suis
1391 1208 1545 1256 vendi-

109 1305 135 1325 »
153 1294 298 1340 taret,
322 1281 582 1331 maledicum
601 1301 775 1330 carmen
799 1283 965 1343 edidit,
992 1285 1228 1352 ipsumque
1247 1285 1545 1354 Apollonium

114 1380 139 1403 »ι
165 1378 409 1427 suppresso
427 1360 605 1409 nomine
626 1360 730 1408 Ibin
750 1362 1020 1425 nominavit,
1041 1363 1411 1429 quemadmodum
1434 1364 1546 1411 Ovi-

113 1460 136 1480 »
162 1437 262 1487 dius
286 1450 485 1491 testatur.
516 1462 539 1481 »
573 1440 677 1487 Haec
702 1437 805 1497 ille,
831 1440 953 1506 quod
992 1441 1112 1508 apud
1144 1440 1279 1490 alium
1309 1453 1425 1489 notae
1455 1460 1544 1489 me—

104 1513 233 1566 lioris
254 1527 477 1567 auctorem
508 1535 599 1565 non
630 1516 809 1565 memini
841 1537 909 1566 me
944 1516 1114 1581 legere,
1155 1518 1242 1567 nisi
1281 1518 1402 1584 quod
1425 1520 1543 1567 hunc

107 1612 280 1641 versum
295 1631 307 1651 ‚
339 1593 416 1661 qui
439 1593 560 1660 apud
585 1595 787 1643 eumdem
808 1594 1100 1661 Apollonium
1120 1607 1283 1655 exstat,
1305 1598 1542 1663 Argonautv.

107 1669 186 1720 lib.
209 1666 256 1729 Ῐ,
281 1689 382 1737 pag.
412 1670 478 1733 64
496 1671 705 1722 editionis
729 1672 988 1738 Stephaneae
1007 1705 1033 1730 ‚=

299 1791 368 1828 Καὶ
386 1792 429 1830 τὰ
446 1791 508 1842 μὲν
531 1792 575 1834 ὡς
590 1791 719 1841 ἤμελλα
742 1791 829 1841 μετὰ
846 1791 971 1842 χρόνον
995 1791 1206 1828 ἐκτελέεσθαι
1223 1819 1234 1837 ,

108 1892 367 1944 Callimachi
392 1912 566 1943 versum
589 1912 682 1943 esse
711 1893 765 1943 ab
806 1893 1069 1960 Apollonio.
1089 1905 1348 1960 usurpatum
1370 1932 1382 1952 ‚
1419 1906 1544 1943 vetus

107 1969 249 2037 ipsius
281 1968 514 2036 Apollonii
546 1969 806 2019 scholiastes
850 1971 1019 2019 asserit.
1075 1971 1366 2019 Nicodemum
1399 1982 1544 2019 autem

107 2047 405 2098 Frischlinum
444 2069 581 2116 quum
623 2049 671 2097 in
706 2048 1007 2098 testimonium
1029 2048 1223 2108 adduxi,
1258 2050 1434 2098 miseret
1475 2069 1544 2097 me

110 2124 381 2174 acerbissimi
404 2125 496 2190 ejus
530 2127 610 2175 fati
636 2146 645 2175 :
672 2145 794 2184 nam,
832 2145 969 2193 quum
994 2126 1051 2174 ob
1079 2145 1153 2184 ea,
1191 2145 1287 2193 quae
1312 2144 1387 2174 ore
1412 2127 1543 2175 nimis

109 2201 252 2253 libero
276 2202 516 2252 effutiisset
536 2204 583 2251 in
603 2204 722 2253 viros
745 2203 1048 2254 nobilissimos
1065 2242 1076 2262 ‚
1108 2204 1358 2267 Moguntiae
1381 2205 1426 2253 in
1451 2225 1543 2253 car-

110 2299 248 2330 cerem
281 2282 505 2347 conjectus
541 2294 682 2340 esset,
724 2282 916 2349 indeque
938 2283 1155 2331 deductus
1189 2286 1305 2330 foret
1326 2283 1373 2330 in
1396 2284 1467 2332 W
1474 2303 1548 2331 ur—

114 2357 371 2421 tembergici
396 2356 480 2406 soli
513 2377 655 2406 arcem
688 2359 1129 2408 Hohenauracensem
1161 2379 1170 2407 ε
1197 2379 1286 2425 quo
1320 2360 1549 2425 captivita-

110 2444 200 2482 tem
213 2434 448 2496 effugeret,
468 2453 640 2502 pannos
661 2434 863 2493 discidit,
884 2448 956 2492 ut,
978 2436 1048 2484 his
1065 2435 1284 2497 colligatis
1298 2472 1309 2493 ,
1325 2453 1371 2483 se
1390 2435 1546 2485 demit—

113 2522 249 2570 teret;
271 2513 347 2560 sed
361 2513 620 2578 hujusmodi
644 2513 764 2560 funis
786 2513 966 2579 perfidia
987 2514 1033 2561 in
1052 2514 1159 2561 alias
1183 2513 1376 2579 aliasque
1401 2525 1548 2580 petras

113 2607 308 2656 praeceps
322 2591 466 2649 datus,
485 2591 720 2639 confractis
734 2591 942 2640 membris
956 2591 1205 2658 exspiravit.
1224 2593 1438 2640 Caeterum
1455 2591 1549 2640 (jal-

116 2669 332 2718 limachus
355 2669 647 2736 Apollonium
671 2669 814 2717 lbidis
836 2670 1012 2717 nomine
1029 2707 1041 2728 ‚
1068 2689 1164 2736 quae
1187 2681 1254 2718 est
1275 2671 1366 2719 avis
1385 2672 1550 2736 Aigyp-

56 2746 69 2756 ‘
113 2747 194 2807 tia,
219 2759 380 2797 uotum
403 2766 497 2796 esse
523 2746 689 2805 voluit,
715 2767 806 2796 non
830 2759 1014 2814 propter
1038 2748 1131 2813 ejus
1155 2748 1413 2814 spurcitiam
1432 2785 1444 2806 ,
1477 2747 1549 2795 cui
