1794 3100
259 249 318 291 90
688 235 738 276 P.
780 233 1021 278 ov1D11
1063 235 1241 279 vrrA

260 326 460 389 ingenia,
484 344 575 391 qua·
596 326 771 374 maxime
803 327 869 374 sui
892 327 972 376 oevz'
987 328 1221 376 eminebant.
1240 354 1242 356 >
1263 329 1361 376 Hoc
1394 328 1546 378 itidem
1578 329 1676 378 solo

261 403 522 466 cognomine
557 403 760 452 laudatur
783 422 808 451 a
830 404 970 453 Statio
999 411 1009 430 ¹
1027 442 1039 463 ,
1068 405 1262 454 Martiali
1288 412 1304 430 ²
1320 443 1332 464 ,
1356 417 1400 454 et
1423 406 1585 455 Seneca
1606 425 1677 455 se-

259 479 383 527 niore
409 478 438 526 ³.

325 557 540 604 OVIDIUS
563 574 665 603 vero
699 556 864 623 pluries
897 556 1036 605 eidem
1061 557 1233 606 Senecae
1263 558 1378 624 patri
1402 558 1585 616 dicitur,
1609 558 1677 606 uti

259 644 303 680 et
334 632 427 681 filio
443 671 454 691 ‚
482 634 558 699 qui
581 653 805 699 nunquam
831 652 930 681 eum
951 634 1142 701 adpellat
1162 637 1425 694 NASONEM3
1457 637 1543 685 nisi
1566 636 1680 685 forte

258 709 413 766 semel,
441 729 576 776 quum
605 710 760 757 scribit
781 710 798 741 4
815 748 826 767 ,
853 730 898 759 se
925 711 966 758 in
991 721 1130 759 senatu
1144 710 1317 778 stentem
1340 712 1491 760 w'daekse
1520 712 1678 760 Fidum

262 786 491 836 Cornelium
502 827 513 843 ,
525 849 534 855 ³
543 788 727 836 Nasonis
735 807 925 853 generum
936 827 948 844 ‚
975 800 1055 835 etc.
1075 808 1085 846 ;
1102 788 1180 836 ubi
1194 827 1205 847 ,
1219 787 1320 837 licet
1329 809 1419 836 non
1434 790 1613 838 omnino
1625 789 1679 837 li-

263 876 395 931 queat
408 902 420 923 ,
442 877 617 931 poetam
634 877 834 913 nostrum
856 867 1026 914 Senecae
1045 867 1101 914 ob
1125 865 1276 914 oculos
1297 867 1430 915 fuisse
1443 905 1455 924 ,
1474 867 1520 914 id
1534 879 1679 916 tamen

257 941 490 1015 verisimile
511 962 694 1009 prorsus
715 943 898 991 videtur.
928 944 1020 991 Cur
1045 944 1159 991 enim
1182 943 1476 1010 philosophus
1498 943 1573 992 ille
1595 944 1679 992 Fl-

257 1021 353 1069 dum
377 1021 607 1069 Cornelium
626 1019 812 1069 ulterius
836 1020 1148 1084 designavisset
1168 1039 1219 1068 ex
1238 1021 1375 1069 soceri
1395 1021 1677 1083 cognomine,

259 1116 347 1162 quo
372 1109 415 1144 et
437 1096 510 1145 alii
533 1096 681 1166 plures
718 1097 1000 1159 gaudebant?
1031 1096 1116 1144 nisi
1151 1098 1363 1145 Nasonem
1394 1096 1680 1146 intellexisset

257 1173 455 1221 omnium
490 1173 845 1231 celeberrimum,
870 1173 1012 1239 qualis
1046 1185 1150 1221 tunc
1185 1184 1277 1222 erat
1303 1184 1475 1231 noster,
1512 1174 1678 1240 quique

258 1250 371 1299 solet
395 1251 480 1298 hoc
503 1263 674 1299 tantum
693 1251 950 1315 cognomine
966 1271 990 1299 a
1009 1269 1053 1299 se
1070 1251 1169 1317 ipso
1187 1262 1230 1299 et
1249 1251 1304 1298 ab
1323 1249 1418 1298 aliis
1436 1250 1672 1314 indigitari.

256 1332 349 1379 Nec
373 1330 644 1379 omittendus
663 1330 852 1396 scriptor
869 1328 1045 1391 Dialogi
1065 1329 1117 1376 de
1137 1322 1423 1387 Oratoribus,
1439 1348 1554 1377 anno
1567 1331 1677 1377 Ves-

256 1409 424 1474 pasiani
449 1420 571 1457 sexto
592 1408 759 1466 habiti,
786 1408 856 1455 cui
884 1408 1056 1456 OVIDII
1089 1405 1231 1455 solum
1265 1405 1442 1454 nomine
1474 1405 1678 1455 laudatur

257 1485 468 1534 Medea&
494 1485 619 1534 Alios
642 1485 898 1534 recentioris
921 1485 998 1534 aevi
1019 1484 1238 1551 praeterire
1261 1484 1384 1533 libet.

322 1564 512 1611 Nomine
543 1563 715 1611 tandem
740 1563 871 1611 simul
894 1576 937 1611 et
958 1562 1240 1626 cognomine,
1269 1563 1485 1610 OVIDIUS
1516 1561 1646 1609 NASO
1662 1597 1675 1618 ,

258 1640 389 1690 semel
412 1653 543 1708 atque
565 1641 726 1689 iterum
746 1642 801 1689 ab
827 1641 978 1689 eodem
1002 1641 1165 1689 Seneca
1187 1640 1350 1705 majore
1374 1638 1391 1664 ⁶
1410 1649 1602 1686 vocatur.

324 1719 446 1782 Quin
470 1731 513 1767 et
543 1730 732 1785 utroque
763 1718 1061 1785 repraesentari
1095 1718 1140 1766 in
1175 1717 1357 1783 antiquo
1386 1715 1647 1764 numismate
1663 1751 1675 1771 ‚

260 1798 381 1863 quod
398 1796 559 1845 Felicia
577 1796 845 1854 Rondanini,
868 1798 1066 1844 Romana
1080 1795 1436 1862 praestantissima
1451 1804 1649 1841 matrona
1662 1829 1675 1850 ,

258 1874 537 1940 possidebat,
561 1875 817 1940 jamdudum
843 1884 1178 1923 autumaverunt
1202 1871 1367 1929 eximii,
1391 1871 1675 1935 maximaeque

260 1962 406 1998 totum
430 1970 509 2017 per
530 1950 755 1999 literarum
780 1951 932 1999 orbem
955 1950 1077 1998 famae
1102 1949 1184 1997 viri
1199 1987 1211 2007 ,
1242 1948 1444 1998 Nicolaus
1465 1947 1677 1995 nimirum

261 2027 455 2075 Heinsius
480 2035 521 2085 7,
547 2039 591 2074 et
614 2027 768 2075 Ezech.
804 2025 1072 2093 Spanhemius
1096 2023 1112 2050 ⁸
1135 2025 1183 2073 in
1216 2043 1263 2073 re
1295 2022 1561 2080 nummaria,
1585 2039 1677 2070 non

264 2123 387 2153 secus
408 2123 458 2152 ac
479 2105 526 2152 in
549 2105 668 2152 omni
690 2103 966 2170 antiquitatis
988 2103 1188 2160 scientia,
1210 2100 1336 2150 facile
1356 2099 1590 2167 princeps;
1627 2108 1679 2146 ut

263 2183 422 2232 mirum
444 2202 535 2231 non
559 2183 617 2231 sit
633 2221 645 2241 ,
671 2195 800 2231 tantae
823 2180 1099 2231 auctoritatis
1120 2180 1358 2246 scriptores
1379 2178 1496 2228 idem
1517 2189 1562 2226 et
1580 2176 1679 2225 aliis

262 2262 483 2309 minorum
507 2260 701 2323 gentium
724 2260 1003 2326 persuasisse.

308 2363 318 2380 ¹
344 2360 418 2394 Lib.
436 2361 474 2403 I,
493 2360 587 2407 Sylv.
601 2371 653 2403 11,
676 2370 762 2394 vers.
779 2362 854 2394 255.

305 2416 418 2450 ²Lib.
436 2417 475 2459 1,
493 2415 591 2461 Epig.
615 2426 712 2457 LX11;
734 2415 791 2449 lib.
808 2416 856 2458 V,
875 2414 974 2460 Epig.
991 2424 1036 2455 x,
1059 2413 1118 2448 lib.
1128 2412 1229 2455 XIV,
1247 2410 1470 2457 Epig.cxc11.

307 2470 322 2492 ³
347 2471 515 2505 Controv.
535 2471 590 2506 lib.
610 2470 668 2514 11,
696 2468 803 2505 Cont.
820 2481 871 2513 11,
900 2476 936 2504 et
952 2469 1091 2505 Suasor.
1105 2468 1163 2503 lib.
1180 2467 1245 2503 ΙΙΙ.

306 2527 323 2551 ⁴
346 2527 470 2562 senec.
486 2528 529 2562 ad
546 2528 746 2571 Serenum,
771 2539 844 2572 cap.
869 2539 918 2572 17.

305 2582 320 2603 ⁵
342 2581 478 2626 Dialog.
495 2582 537 2616 de
556 2582 655 2617 Orat.
672 2595 744 2627 cap.
766 2582 815 2616 13.

305 2637 321 2661 ⁶
344 2639 418 2672 Lib.
440 2640 492 2679 X,
514 2640 680 2674 Controv.
694 2650 753 2681 1v;
776 2638 833 2672 lib.
855 2639 891 2674 II
906 2664 915 2682 ,
940 2636 1096 2672 Declam.
1110 2646 1149 2670 11.

308 2698 321 2719 ⁷
346 2697 388 2731 Iu
404 2709 464 2731 sua
480 2694 599 2730 Ovidii
613 2695 777 2729 editione.

307 2752 322 2773 ⁸
345 2751 400 2785 De
415 2749 618 2786 Praestantia
636 2757 670 2784 et
688 2750 765 2784 Usu
782 2749 990 2785 Numismat.
1008 2760 1082 2793 pag.
1097 2748 1138 2790 42
1156 2751 1192 2780 et
1208 2745 1260 2789 43.
