1794 3100
290 253 339 293 18
655 251 706 292 P.
750 249 989 294 OVIDII
1024 249 1326 295 NASONIS

281 345 372 392 Nee
394 342 497 409 plus
518 342 732 408 adspicias
747 380 759 401 ,
786 361 918 409 quam
939 362 1069 409 quem
1092 362 1170 405 sua
1192 343 1281 393 filia
1300 345 1432 402 rexit,

345 422 566 486 Expertus
589 417 730 467 scelus
753 431 821 468 est
843 419 968 484 cujus
991 431 1176 487 uterque
1198 440 1384 488 parens:

279 496 440 562 Qualis
463 508 574 554 erat,
599 508 835 563 postquam
857 508 924 546 est
940 497 1074 562 judex
1097 498 1150 547 de
1173 497 1252 547 lite
1271 499 1422 564 jocosa

1639 513 1704 547 265

343 576 546 633 Sumtus,
573 574 806 642 Apollinea
827 575 968 624 clarus
986 577 1032 624 in
1050 588 1141 626 arte
1163 596 1294 626 senex
1315 598 1325 626 :

279 654 439 719 Qualis
460 665 505 703 et
528 653 602 702 ille
625 654 728 711 fuit,
753 673 843 720 quo
868 654 1148 721 praecipiente
1174 655 1382 705 columba

341 735 426 781 Est
446 733 546 781 data
563 731 768 781 Palladiae
791 734 950 800 praevia
972 733 1147 800 duxque
1169 734 1281 782 rati:
1386 798 1387 801 Ἰ

276 809 459 875 Quique
482 808 623 857 oculis
645 808 807 866 caruit,
836 827 916 876 per
940 828 1051 875 quos
1074 807 1185 858 male
1206 809 1373 858 viderat
1397 829 1554 859 aurum
1568 848 1581 869 ‚

341 886 528 935 Inferias
548 897 654 934 nato
675 905 789 952 quos
813 885 935 934 dedit
957 885 1065 934 orba
1087 904 1244 952 parens
1267 906 1277 934 :

1637 911 1704 948 270

274 966 440 1014 Pastor
461 975 513 1011 ut
535 963 754 1021 AEtnaeus,
779 962 850 1012 cui
874 981 1000 1019 casus
1014 974 1125 1011 ante
1148 962 1323 1010 futuros

337 1042 544 1092 Telemus
568 1040 839 1107 Eurymedes
863 1039 1126 1089 vaticinatus
1149 1051 1243 1088 erat
1266 1060 1276 1087 :

310 1153 385 1187 263.
396 1153 467 1187 Nec
473 1154 555 1196 plus
566 1157 631 1186 etc.
645 1150 811 1195 OEdipus,
826 1150 956 1185 incesta

273 1213 384 1240 matre
398 1231 408 1249 ,
427 1212 463 1240 et
484 1205 590 1249 patris
612 1216 698 1238 nece
721 1202 860 1238 infamis
874 1229 884 1247 ,
910 1203 955 1238 ob

271 1257 409 1293 sceleris
438 1256 687 1292 conscientiam
711 1261 856 1291 caecatus
879 1262 931 1290 est
942 1281 952 1299 ,

272 1310 528 1355 regebaturque
541 1320 650 1343 caecus
663 1306 705 1341 ab
721 1308 861 1342 Ismena
872 1305 953 1341 filia.

316 1362 391 1396 265.
413 1362 545 1404 Qualis.
563 1359 715 1393 Tiresias
725 1384 735 1402 ,
748 1364 885 1392 sumtus
895 1357 955 1401 ju-

271 1415 338 1449 dex
361 1427 380 1448 a
404 1413 548 1447 Junone
574 1417 610 1446 et
629 1411 718 1445 Jove
737 1437 747 1450 ‚
772 1410 884 1443 virine
907 1421 954 1443 an

272 1464 428 1501 mulieris
440 1463 549 1498 libido
563 1462 678 1507 major
691 1468 780 1496 esset
789 1487 798 1503 ,
816 1467 955 1495 senten-

272 1519 359 1553 tiam
372 1516 453 1552 tulit
466 1516 503 1549 in
516 1515 701 1549 Junonem
710 1539 719 1556 ,
738 1525 757 1546 a
768 1525 836 1557 qua
847 1512 952 1547 oculis

271 1577 324 1605 est
340 1569 492 1614 privatus
508 1579 516 1601 ε
530 1565 590 1601 sed
602 1564 745 1609 Jupiter
757 1562 952 1598 consolatus

271 1630 325 1658 est
340 1623 416 1669 ejus
431 1620 664 1656 calamitatem
685 1617 842 1658 honore;
868 1628 952 1652 nam

273 1674 370 1709 dedit
385 1671 564 1707 divinandi
577 1677 689 1705 artem
707 1682 715 1703 2
730 1668 787 1703 hic
797 1668 954 1713 praedixit

274 1726 480 1762 Thebarum
494 1723 688 1759 interitum.
699 1721 864 1766 Daphne,
877 1721 951 1765 eius

274 1779 365 1822 filia,
385 1790 462 1823 quae
479 1783 598 1822 postea
615 1774 704 1809 dicta
727 1781 778 1808 est
799 1772 951 1820 Sibylla,

273 1831 484 1867 vaticinandi
497 1837 570 1864 arte
582 1828 705 1865 edocta
718 1854 727 1871 ‚
746 1828 855 1862 multa
865 1827 951 1862 scri-

273 1885 340 1930 psit
354 1895 519 1928 responsa
532 1895 540 1923 3
559 1880 652 1915 unde
667 1880 813 1914 Homer.
825 1892 952 1924 poema

273 1937 420 1972 ornavit.
438 1936 541 1970 DOM.
558 1953 602 1960 ——
621 1935 743 1977 Qualis
765 1940 840 1967 erat
853 1939 952 1976 pos!-

271 2004 370 2036 quam
383 1996 447 2036 etc.
458 1987 627 2022 Traditur
637 1993 672 2020 et
683 1986 746 2020 alia
757 1998 855 2019 causa
868 2011 876 2027 ,
889 1998 952 2019 cur

272 2043 348 2076 visu
359 2040 511 2086 privatus
525 2038 629 2072 suerit
641 2036 791 2072 Tiresias
806 2050 814 2071 ς
828 2036 952 2070 videli-

272 2102 328 2129 cet
339 2093 432 2139 quod
442 2091 620 2127 Palladem
632 2089 805 2124 lavantem
818 2089 950 2123 nudam
974 2138 977 2141 ⁸

273 2145 488 2191 adspexisset.
507 2144 646 2177 MICYL.

309 2199 382 2244 267.
399 2199 519 2240 Qualis
525 2201 559 2229 el
571 2198 651 2238 ipse.
663 2193 831 2236 Phineus,
844 2193 950 2227 Arca·

272 2253 336 2286 dl'ae
348 2262 406 2284 rex
423 2262 432 2283 :
449 2251 509 2294 qui
522 2250 625 2281 ducta
640 2247 815 2290 Cleopatra
827 2250 946 2288 uzar'e,

276 2304 435 2349 Orstbum
449 2306 483 2335 et
500 2301 655 2335 Crambin
668 2310 712 2331 ex
730 2299 872 2342 eafill’os
885 2300 951 2331 ha-

273 2357 347 2388 buit
368 2368 378 2387 .·
401 2353 634 2397 superinducta
658 2363 814 2389 noverca,
846 2362 951 2383 suasu

271 2406 419 2448 ejusdem
436 2407 557 2438 liberos
579 2405 765 2437 exea-cavit
783 2413 792 2434 :
809 2403 895 2434 unde
917 2406 951 2434 et

271 2460 344 2500 ipsi
356 2469 379 2489 α
396 2458 475 2489 Diis
489 2458 588 2488 iratis
603 2457 691 2488 eruti
709 2455 816 2495 oculi,
835 2459 870 2486 et
886 2451 950 2486 da-

271 2508 372 2553 pibus
382 2520 452 2541 non
469 2513 603 2550 poterat
612 2505 719 2548 vesci,
732 2517 841 2549 quum
854 2505 950 2538 Har-

272 2573 350 2606 pyae
371 2559 519 2593 admotae
541 2559 668 2592 mensis
687 2571 743 2591 eas
766 2557 949 2591 foedarent.

273 2614 379 2647 Zetus
391 2620 426 2646 et
438 2611 550 2646 Calais
561 2638 569 2654 ‚
584 2612 705 2645 Boreae
715 2610 788 2650 filii.
803 2610 948 2644 insecuti

270 2672 354 2698 sunt
374 2677 452 2698 aves
471 2663 512 2697 ad
539 2663 654 2697 Plotas
673 2675 780 2706 usque
799 2663 925 2696 insulas
937 2687 946 2704 ,

269 2729 346 2761 quae
369 2723 485 2760 postea
505 2715 603 2749 dictae
626 2722 707 2747 sunt
724 2716 947 2757 Strophades:

269 2782 419 2814 eumque
443 2775 541 2803 tanto
559 2766 724 2812 supplicio
745 2767 947 2801 liberarunt.

1026 1149 1112 1195 Quo
1122 1149 1295 1185 beneficio
1304 1149 1497 1194 devinctus,
1506 1149 1600 1186 canit
1609 1151 1701 1197 apud

1021 1203 1251 1249 Apollonium
1262 1203 1443 1238 Rhodium
1452 1230 1462 1248 ,
1480 1217 1629 1240 monens
1636 1205 1701 1241 Ar-

1020 1262 1188 1301 gonautas
1200 1282 1209 1300 ,
1232 1262 1273 1292 ut
1292 1256 1386 1291 inter
1409 1255 1570 1303 Cyaneas
1585 1264 1700 1302 petras

1018 1307 1216 1354 columbam
1245 1315 1441 1354 sequantur
1457 1335 1468 1356 ,
1500 1322 1607 1355 quam
1637 1309 1700 1345 Dii

1019 1360 1212 1394 mitterent.

1062 1411 1136 1447 268.
1153 1413 1330 1454 Palladiae.
1350 1411 1448 1459 Argo
1469 1412 1566 1448 navis
1579 1415 1700 1450 Patia-

1017 1463 1076 1498 dia
1089 1462 1179 1498 dicta
1189 1470 1241 1498 est
1252 1488 1262 1506 ,
1280 1464 1447 1509 quoniam
1457 1465 1546 1501 facta
1554 1473 1607 1501 est
1614 1479 1698 1501 cura

1018 1514 1177 1550 Palladis.

1063 1567 1135 1614 269.
1159 1568 1286 1612 Quique
1300 1570 1419 1603 oculis.
1433 1568 1696 1615 Polymnestor,
1718 1587 1721 1588 ⁷

1018 1630 1078 1652 rex
1095 1618 1276 1663 Thraciae,
1301 1619 1411 1655 veteri
1434 1621 1584 1656 amicitia
1610 1634 1699 1657 con—

1018 1670 1159 1715 junctus
1185 1683 1267 1705 cum
1289 1671 1433 1707 Priamo
1449 1699 1459 1716 ,
1486 1672 1696 1709 imminente

1016 1722 1107 1757 bello
1115 1722 1556 1772 Graecorum,Polydorum
1563 1726 1698 1762 Priami

1017 1773 1129 1808 filium
1152 1787 1171 1809 a
1192 1776 1395 1820 parentibus
1412 1777 1476 1811 sibi
1501 1777 1697 1812 demanda-

1016 1833 1092 1861 tum
1103 1827 1251 1873 hospitio
1262 1829 1418 1874 suscepit.
1432 1829 1503 1865 Sed
1514 1830 1696 1866 ruentibus

1017 1878 1180 1923 Troianis
1190 1905 1199 1923 ,
1216 1881 1290 1914 auri
1303 1907 1312 1924 ,
1326 1880 1419 1926 quod
1434 1881 1629 1928 Polydorus
1638 1882 1695 1916 ad—

1016 1931 1165 1975 tulerat,
1191 1933 1352 1967 aviditate
1371 1942 1509 1979 captus,
1533 1942 1694 1969 contem-

1016 1990 1076 2027 pto
1099 1982 1238 2029 hospitii
1260 1985 1337 2029 jure
1354 2011 1363 2028 ,
1388 1984 1606 2032 Polydorum
1629 1986 1695 2021 ob-

1015 2041 1163 2070 truncat.
1177 2035 1284 2081 Quod
1302 2049 1411 2081 quum
1418 2037 1565 2072 Hecuba
1580 2044 1696 2072 mater

1015 2086 1221 2131 percepisset
1235 2114 1244 2130 ,
1266 2087 1484 2123 dissimulans
1498 2100 1534 2122 se
1550 2088 1693 2134 ignora-

1014 2150 1052 2171 re
1071 2164 1081 2181 ,
1110 2139 1416 2185 Polymnestorem
1440 2140 1576 2185 rogavit
1589 2166 1599 2183 ,
1624 2146 1664 2174 ut
1680 2165 1690 2183 ,

1014 2196 1155 2235 accepto
1177 2190 1340 2224 thesauro
1365 2203 1472 2235 quem·
1493 2191 1663 2226 indicaret
1678 2217 1687 2234 ,

1014 2241 1123 2275 filium
1140 2242 1314 2276 redderet.
1333 2243 1365 2277 ls
1381 2249 1518 2278 secutus
1535 2241 1692 2277 mulieris
1746 2250 1748 2253 ’

1014 2294 1122 2328 fidem
1137 2321 1145 2338 ,
1172 2294 1342 2330 adductus
1368 2294 1404 2329 in
1425 2301 1599 2329 secretum
1612 2321 1621 2334 ‚
1647 2294 1690 2329 ab

1014 2348 1160 2384 Hecuba
1170 2356 1205 2383 et
1215 2348 1343 2384 ancillis
1353 2347 1459 2382 oculis
1470 2348 1634 2392 privatur.
1643 2348 1689 2382 D.

1059 2415 1075 2434 2
1083 2415 1097 2444 7
1106 2414 1131 2434 1.
1149 2403 1275 2435 Pastor
1286 2407 1325 2434 ut
1336 2401 1494 2434 AEtnoeus.
1511 2399 1690 2447 Polyphe-

1013 2466 1104 2495 mus,
1118 2454 1210 2487 inter
1218 2452 1387 2500 Cyclopes
1396 2450 1529 2485 Siculos
1537 2452 1688 2487 Homeri

1013 2506 1166 2540 carmine
1177 2503 1421 2539 celeberrimus
1431 2529 1440 2546 ,
1455 2503 1596 2538 oculum
1608 2504 1689 2539 ami·

1012 2558 1076 2600 sit,
1091 2558 1211 2592 adusto
1223 2555 1336 2600 stipite
1353 2555 1520 2590 effossum
1533 2557 1574 2591 ab
1585 2556 1688 2604 Ulys-

1011 2625 1046 2646 se
1059 2639 1067 2651 ,
1083 2623 1189 2656 quum
1202 2636 1212 2653 ,
1226 2609 1414 2653 absumptis
1424 2609 1578 2655 quinque
1589 2609 1689 2645 sociis

1011 2663 1099 2697 illius
1113 2689 1122 2705 ,
1140 2662 1222 2696 vino
1239 2661 1382 2695 obrutus
1398 2661 1539 2706 jaceret.

1057 2729 1073 2748 2
1081 2729 1129 2760 72.
1159 2715 1308 2747 Telemus
1333 2715 1547 2759 Eurymedes.
1566 2714 1685 2759 Eury—

1011 2769 1117 2800 mides
1137 2765 1269 2800 dictum
1290 2765 1379 2800 Met.
1403 2765 1495 2800 XIII
1510 2790 1519 2809 ,
1542 2777 1589 2799 vs.
1611 2777 1684 2810 77¹-
