1794 3100
281 259 336 314 42
657 261 709 302 P.
758 260 991 305 OVIDII
1026 261 1331 307 NASONIS

280 354 431 418 thue
452 370 606 418 pamm
631 351 779 402 stabili
805 353 881 419 qui
906 354 1094 403 carmine
1117 354 1228 404 laesit
1246 356 1443 406 Athenas
1457 395 1470 415 ‚
1631 374 1696 408 525

345 428 518 477 Invisus
539 447 690 494 pereas
715 428 941 478 deficiente
965 430 1067 479 cibo
1090 452 1100 479 :

281 509 395 554 Utve
419 506 521 573 lyrae
543 518 660 556 vates
683 507 823 556 fertur
845 507 1027 573 periisse
1050 527 1206 558 severae
1222 549 1234 568 ‚

345 586 486 634 Causa
509 585 567 633 sit
588 585 709 634 exitii
734 586 909 635 dextera
931 585 1030 635 laesa
1054 587 1118 635 tui
1138 607 1149 635 :

279 663 428 726 thue
451 662 803 724 Agamemnonio
827 661 994 711 vulnus!
1013 663 1134 712 dedit
1156 664 1312 726 anguis
1335 665 1532 723 Orestae,

343 739 413 785 Tu
439 758 615 805 quoque
641 740 693 788 de
718 759 870 789 morsu
890 740 1009 789 virus
1031 741 1221 790 habente
1236 742 1385 791 cadas.

1631 755 1698 791 ⁵30

279 816 347 863 Sit
370 817 453 865 tibi
477 818 668 882 conjugii
688 838 775 866 nox
800 819 941 885 prima
965 819 1199 868 novissima
1226 821 1347 879 vitae3

343 895 530 962 Eupolis
554 896 639 943 hoc
663 896 817 961 periit,
842 907 884 945 et
908 916 1020 945 nova
1036 909 1200 964 nupta,
1223 898 1370 946 modo.

278 973 428 1038 thue
453 974 767 1022 cothurnatum
790 974 996 1023 cecidisse
1013 974 1314 1040 Lycophrona
1333 985 1514 1022 narrant
1532 1010 1544 1030 ‚

341 1050 515 1098 Haereat
533 1051 579 1097 in
602 1049 727 1098 fibris
749 1050 834 1098 fixa
858 1051 1017 1112 sagitta
1041 1050 1143 1098 tuis.

276 1124 370 1172 Aut
391 1124 505 1173 lacer
526 1125 574 1172 in
597 1124 704 1173 silva
722 1125 928 1173 manibus
949 1144 1154 1191 spargare
1178 1137 1357 1174 tuorum
1370 1163 1382 1181 ‚
1634 1137 1699 1171 535

341 1200 530 1266 Sparsus
551 1211 604 1248 ut
625 1212 692 1249 est
712 1200 880 1248 Thebis
904 1219 1046 1263 angue
1066 1212 1237 1248 creatus
1258 1220 1352 1248 avo.

274 1309 508 1344 verecundam
526 1323 564 1344 ac
581 1310 743 1355 pudicam
765 1310 950 1344 lectionem

275 1362 542 1397 arbitrabantur.
556 1362 611 1396 De
626 1369 740 1396 morte
754 1361 950 1397 Archilochi

276 1420 415 1456 autem,
439 1419 475 1447 et
500 1413 542 1448 de
569 1413 727 1447 Calonda
751 1426 950 1458 percussore

276 1465 353 1509 ejus
372 1464 478 1506 tradit
496 1465 630 1501 suidas.

322 1519 396 1552 525.
419 1519 526 1563 thue
537 1532 657 1562 parum
675 1520 797 1553 stabili
807 1525 870 1553 etc.
888 1518 954 1552 Al—

277 1572 384 1607 ciatus
397 1597 406 1615 ‚
426 1573 567 1618 Parerg.
583 1572 642 1607 lib.
663 1572 696 1604 V
709 1599 718 1616 ‚
736 1585 810 1618 cap.
834 1573 873 1606 18
885 1597 895 1615 ‚
919 1578 954 1606 et

278 1624 436 1658 Turneb.
453 1624 599 1660 Advers.
621 1624 678 1660 lib.
700 1626 751 1660 IX
767 1651 776 1668 ,
802 1637 873 1669 cap.
892 1628 952 1667 25,

277 1675 429 1709 Athenin
445 1674 633 1721 legendum
649 1676 833 1719 adserunt,
859 1682 896 1709 et
911 1675 954 1709 de

280 1726 501 1772 Hipponacte
518 1727 787 1773 intelligendum
800 1740 808 1762 :
823 1743 841 1758 «
852 1726 956 1761 Vide-

279 1785 338 1813 tur
353 1779 450 1813 enim
464 1805 473 1823 ,
495 1783 564 1820 ait,
595 1779 638 1814 de
660 1780 879 1825 Hipponacte
900 1779 959 1812 in—

279 1831 386 1877 telligi
402 1858 412 1875 ,
443 1833 502 1877 qui
529 1832 743 1868 claudicante
771 1840 808 1868 et
833 1845 958 1878 parum

279 1883 391 1918 stabili
409 1897 509 1918 versu
528 1911 537 1928 ,
568 1884 603 1918 id
626 1892 677 1919 est
694 1911 703 1928 ‚
734 1885 902 1919 Scazonte
920 1885 957 1919 in

279 1936 454 1981 Bupalum
483 1944 518 1971 et
542 1937 700 1972 Athenin
726 1938 883 1973 invectus
907 1944 959 1972 est

281 1989 515 2023 Athenienses
532 2002 540 2023 z
560 2002 630 2034 quo
651 1990 688 2024 in
713 1989 867 2024 carmine
881 2016 890 2032 ,
912 2002 958 2023 ne

282 2041 432 2076 Athenis
448 2042 590 2086 quidem
614 2049 816 2087 pepercerat
829 2068 838 2086 ,
858 2049 921 2077 etc.
941 2056 959 2071 »

282 2093 467 2128 SALVAGN.

327 2149 402 2192 527.
431 2149 539 2192 thue
554 2151 634 2194 lyra·
650 2155 757 2183 vates.
782 2147 936 2182 Alcaeum
947 2174 956 2188 ‚

281 2205 421 2243 poetam
435 2199 584 2246 lyricum
599 2200 773 2245 intelligo,
788 2199 847 2244 qui
862 2211 961 2232 mor—

282 2250 468 2286 dacissimis
495 2252 647 2286 versibus
667 2252 842 2286 Pittacum
869 2263 959 2296 prae-

282 2305 380 2349 cipue
394 2330 404 2347 ‚
430 2305 617 2352 Myrsilum
633 2331 642 2345 ‚
671 2304 936 2350 Megalagyrum
949 2329 959 2346 ,

285 2355 523 2390 Cleanactidas
536 2381 545 2399 ,
565 2355 715 2400 aliosque
734 2354 959 2402 tyrannidem

282 2407 317 2441 in
336 2408 446 2451 patria
460 2415 676 2450 exercentes,
691 2407 878 2442 insectatus
892 2414 958 2449 est,

283 2465 369 2494 teste.
387 2460 573 2502 Strabone,
586 2459 643 2494 lib.
657 2460 772 2502 XIII,
791 2472 866 2504 pag.
879 2459 961 2502 424,

285 2509 366 2545 edii.
380 2510 528 2546 Casaub.
543 2512 669 2546 Horat.
681 2511 737 2545 lib.
748 2511 814 2553 IV,
827 2509 961 2551 Od.1x,

283 2575 370 2596 vers.
388 2576 416 2607 7.
433 2563 503 2596 Per
516 2566 628 2598 laesom
644 2565 793 2597 dextram
804 2588 813 2606 ,
834 2561 943 2596 fidem
954 2586 963 2602 ,

284 2627 387 2659 quam
414 2614 549 2650 Pittaco
575 2615 808 2650 verisimiliter
828 2614 962 2649 Alcaeus

286 2666 517 2702 obstrinxerat
538 2693 547 2710 ,
581 2667 744 2702 violatam
778 2667 931 2712 intelligo
952 2681 962 2708 3

285 2733 368 2753 nam
384 2720 421 2753 in
437 2719 505 2753 fide
522 2719 788 2764 adstringenda‚
809 2719 964 2754 dexteras

285 2774 432 2818 jungere
446 2772 613 2808 solebant.
629 2772 788 2808 SALVAG.
804 2790 844 2797 —
861 2772 968 2815 thue

1015 1311 1095 1356 lym·
1112 1314 1219 1343 vates.
1243 1308 1299 1342 De
1315 1307 1516 1343 stesichoro
1531 1306 1621 1342 sorte
1636 1306 1696 1342 lo·-

1020 1361 1169 1407 quitur,'
1185 1362 1228 1396 de
1246 1374 1316 1407 quo
1334 1360 1502 1396 Horatius
1515 1386 1525 1404 ,
1553 1359 1612 1394 lib.
1628 1359 1695 1402 IV,

1018 1414 1052 1450 Ο
1058 1414 1091 1448 d.
1102 1425 1137 1448 1¹
1143 1440 1151 1458 ,
1164 1428 1211 1448 vs.
1222 1416 1254 1457 8,
1263 1415 1504 1458 Stesichorique
1507 1424 1624 1456 graves
1635 1423 1698 1446 ca-

1017 1482 1142 1503 maenae.
1162 1466 1339 1503 Credibile
1362 1466 1457 1501 enim
1482 1473 1534 1500 est
1558 1472 1698 1511 poetam

1019 1519 1175 1564 junxisse
1188 1526 1257 1554 tres
1269 1517 1533 1563 iambographos
1545 1516 1700 1551 eosdem-

1020 1585 1086 1617 que
1105 1571 1310 1606 maledicos:
1330 1569 1598 1612 Archilochum,
1611 1567 1698 1613 Hip-

1019 1631 1208 1669 ponactem
1221 1630 1257 1657 et
1272 1621 1522 1657 Stesichorum.
1539 1620 1677 1655 Slfflcr.

1066 1678 1139 1722 529.
1160 1677 1268 1719 thue
1283 1674 1549 1718 Agamemnonio
1567 1674 1702 1706 vulnus.

1024 1727 1168 1763 Orestes
1181 1753 1191 1770 ,
1212 1733 1253 1761 ut
1268 1726 1339 1771 jam
1358 1724 1522 1759 omnibus
1544 1730 1698 1766 constat,

1021 1779 1205 1814 interfecta
1220 1785 1351 1820 matre,
1373 1776 1495 1811 surore
1519 1781 1699 1820 correptus

1020 1831 1090 1866 fuit
1103 1846 1111 1873 ;
1127 1830 1209 1865 inde
1231 1830 1396 1864 liberatus
1407 1855 1416 1871 ,
1429 1840 1537 1873 quum
1550 1840 1613 1872 per
1627 1826 1701 1873 syl-

1025 1897 1102 1918 vam
1118 1884 1203 1926 iret,
1221 1895 1240 1916 a
1257 1888 1417 1927 serpente
1435 1879 1566 1915 occisus
1581 1885 1643 1913 est.
1658 1877 1698 1913 Z.

1023 1938 1196 1970 -Oresttl
1218 1935 1343 1968 Oreste
1366 1944 1446 1967 cum
1470 1943 1544 1966 uno
1569 1929 1699 1965 Medic.

1024 1989 1092 2023 dixi
1110 1987 1219 2033 Epist.
1236 1986 1352 2028 VIII,
1368 1998 1416 2019 vs.
1431 1998 1462 2031 9.

1069 2042 1142 2076 531.
1160 2042 1213 2075 Sit
1229 2042 1300 2075 tibi.
1323 2039 1467 2084 Eupolis
1479 2064 1488 2082 ,
1507 2037 1633 2072 veteris
1646 2048 1700 2072 co-

1023 2093 1159 2127 moediae
1168 2092 1317 2137 scriptor
1327 2090 1419 2136 apud
1427 2089 1568 2124 Graecos
1577 2113 1587 2133 ,
1598 2088 1702 2124 ducta

997 2160 1000 2163 “
1023 2153 1130 2179 ux'ore
1145 2142 1308 2191 Glyceria
1320 2169 1329 2186 ,
1350 2142 1463 2188 prima
1482 2147 1587 2175 nocte
1604 2151 1703 2174 mor-

1024 2203 1104 2230 tuus
1118 2194 1282 2229 inventus
1295 2200 1345 2228 est
1357 2205 1427 2227 una
1439 2205 1522 2227 cum
1534 2190 1657 2237 puella.

1071 2248 1144 2283 533.
1153 2249 1309 2283 Periisse.
1318 2246 1488 2282 Cecidose
1496 2257 1538 2279 ex
1547 2242 1681 2288 seriptis
1691 2256 1700 2285 ;

1026 2314 1110 2335 nam
1119 2303 1223 2344 periit
1235 2304 1461 2345 praecesserat.
1474 2297 1607 2331 Hmns.

1072 2355 1145 2397 534.
1155 2354 1384 2400 Lycophrona.
1395 2350 1464 2385 Hic
1471 2361 1581 2394 quum
1589 2347 1632 2382 de
1644 2360 1703 2382 an-

1026 2407 1207 2451 tiquorum
1223 2412 1404 2451 poetarum
1417 2401 1611 2447 principatu
1626 2412 1705 2434 cer-

1028 2466 1117 2493 taret
1127 2485 1136 2503 ,
1153 2458 1275 2503 sagitta
1286 2457 1327 2491 ab
1345 2454 1540 2490 adversario
1552 2453 1640 2488 ictus
1650 2465 1703 2487 oc-

1028 2510 1130 2554 cidit,
1149 2517 1189 2545 ut
1204 2509 1259 2544 hic
1275 2508 1321 2542 ait
1337 2506 1444 2542 Ovid.

1073 2563 1146 2598 535.
1170 2562 1244 2596 Aut
1264 2563 1363 2593 lacer.
1389 2557 1587 2599 Pentheus,
1604 2569 1623 2590 a
1638 2555 1703 2589 su-

1029 2622 1130 2649 rente
1154 2620 1265 2647 matre
1293 2612 1484 2655 discerptus
1495 2636 1504 2654 ,
1533 2621 1664 2644 nomen
1683 2620 1702 2641 a

1029 2668 1124 2702 luctu
1138 2672 1189 2700 est
1203 2664 1353 2699 sortitus.
1368 2663 1470 2697 DoM.

1074 2717 1147 2751 536.
1163 2716 1239 2750 Avo
1248 2728 1364 2759 angue.
1377 2713 1554 2748 Cadmum
1568 2710 1650 2746 dicit
1662 2709 1699 2743 in

1030 2780 1178 2813 anguem
1196 2779 1346 2802 versum.
1362 2767 1451 2799 Zau.
