1794 3100
282 212 339 255 30

659 214 713 257 P.
753 214 992 260 ov1D11
1024 215 1330 278 NASONIS

277 308 341 355 Ut
362 319 482 373 'quos
506 306 592 355 dux
617 307 783 358 Poenus
808 309 961 358 mersit
984 309 1239 377 putealibus
1262 311 1414 370 undis,

340 385 399 433 Et
420 385 533 449 jacto
556 403 685 434 canas
708 385 887 452 pulvere
909 387 1012 435 fecit
1033 407 1170 454 aquas
1191 407 1201 445 ;

276 462 358 509 Sex
383 461 454 510 bis
473 474 523 510 ut
546 463 742 511 Icaridos
763 464 935 513 famulae
955 466 1124 532 periere
1148 466 1366 533 procique
1381 504 1393 524 ,

340 539 482 604 Inque
504 551 635 604 caput
658 539 825 588 domini
848 541 925 607 qui
949 541 1083 589 dabat
1105 561 1224 590 arma
1248 542 1426 608 procis;

275 614 339 661 Ut
361 614 472 678 jacet
497 615 644 663 Aonio
668 614 859 665 luctator
880 617 935 665 ab
957 617 1134 684 hospite
1158 618 1284 667 fusus
1299 655 1311 676 ,

1639 632 1706 680 395

343 692 460 755 Qui,
486 693 646 741 mirum
661 731 672 749 ‚
697 693 862 752 victor,
889 714 1026 760 quum
1050 695 1301 754 cecidisset,
1325 707 1444 754 erat;

278 771 341 818 Ut
364 790 477 836 quos
500 773 643 820 Antaei
665 772 803 821 fortes
826 792 1025 839 pressere
1043 773 1220 831 lacerti;
1242 773 1244 776 ’

343 847 561 913 Quosque
586 847 685 895 ferae
707 849 841 896 morti
864 850 1044 897 Lemnia
1069 850 1198 898 turba
1220 849 1364 907 dedit;

276 923 339 970 Ut
364 923 439 988 qui
462 935 563 989 post
585 922 768 987 longum
790 925 902 974 sacri
926 938 1203 975 monstrator
1225 925 1368 992 iniqui

278 1061 408 1082 manus.
442 1050 490 1083 Ut
511 1048 668 1094 plerique
693 1065 701 1091 ;
731 1051 825 1085 malo
854 1051 962 1086 etiam

276 1103 524 1147 Laeslrygont'os
548 1105 636 1135 lares
650 1128 659 1146 ,
685 1102 750 1136 nisi
772 1103 866 1148 quod
892 1110 961 1138 tres

277 1153 394 1198 scripti
409 1154 660 1198 Lestrygonias
680 1155 798 1188 domos
810 1181 819 1194 ,
841 1155 961 1199 probe.

278 1207 326 1240 H.
341 1225 385 1231 —-
407 1207 454 1239 Ut
466 1206 726 1250 Loestrygom'as.
749 1206 958 1252 Antiphates

277 1260 523 1306 Laestrygonuis
538 1271 599 1292 rex
611 1258 677 1292 suit
689 1284 698 1301 ,
717 1258 777 1303 qui
791 1266 827 1294 et
845 1273 958 1294 unum

276 1325 316 1346 ex
335 1310 467 1358 Ulyssis
484 1311 582 1344 sociis
599 1311 754 1345 comedit
768 1336 776 1353 ‚
796 1323 833 1345 ac
850 1324 955 1346 naves

274 1364 437 1408 virosque
452 1362 587 1405 mersit,
600 1369 727 1407 praeter
736 1375 844 1397 unam
855 1389 865 1406 ,
878 1376 956 1408 qnae

276 1418 441 1465 Ulyssem
458 1417 607 1451 vehebat
620 1431 629 1458 ;
643 1417 731 1451 utin
745 1417 834 1453 Met.
850 1418 955 1462 XIV,

277 1471 342 1513 240
355 1495 364 1512 ,
382 1469 424 1503 ab
437 1467 541 1503 Ovid.
558 1467 738 1503 docemur.

321 1523 382 1568 391
390 1547 397 1554 .
409 1522 457 1555 Ut
464 1532 546 1565 quos
554 1522 625 1555 dux
635 1522 768 1555 Poeuus.
778 1519 957 1565 Appianus

277 1573 535 1609 Alexandrinus
548 1598 559 1616 ,
579 1571 616 1607 in
639 1585 704 1616 eo,
729 1573 788 1618 qui
809 1575 958 1620 Libycus

275 1626 476 1662 inscribitur
486 1652 495 1670 ,
510 1626 598 1660 libro
611 1652 621 1670 ,
640 1626 792 1661 ostendit
806 1625 959 1662 Cartha-

277 1682 438 1726 ginenses
463 1680 672 1725 quandoque
692 1681 957 1715 Acerranorum

275 1740 438 1767 senatum
455 1745 518 1777 per
533 1731 689 1766 inducias
702 1731 874 1767 fidentem
892 1745 959 1777 pu-

275 1785 339 1819 teis
349 1784 571 1827 immersisse,
583 1791 685 1829 atque
695 1783 781 1818 saxis
792 1784 957 1819 obruisse.

276 1835 387 1871 Addit
404 1843 502 1870 vetus
521 1836 692 1881 interpres
707 1862 716 1879 ,
742 1835 958 1870 Amilcarem

275 1896 362 1924 tunc
384 1890 578 1923 Poenorum
602 1889 729 1924 ducem
755 1889 861 1924 fuisse
877 1915 886 1932 ,
913 1888 956 1923 de

242 1979 246 1981 ,
275 1940 340 1976 hac
354 1948 440 1986 puto
460 1948 602 1986 poetam>
616 1941 710 1986 loqui
727 1940 933 1976 crudelitate
945 1966 955 1984 ‚

274 1993 355 2028 licet
372 1993 428 2027 alii
444 1993 544 2027 aliter
558 1993 764 2037 intelligant.

320 2045 396 2091 393.
413 2046 463 2079 Et
476 2047 568 2079 velat
577 2045 732 2079 Icaridos
738 2044 884 2089 famula·
895 2058 959 2088 pe-

276 2101 370 2132 riere.
392 2099 513 2132 Sextus
532 2104 571 2131 ut
583 2100 736 2143 Icaridos
753 2096 902 2131 Mentel.
922 2103 958 2131 et

275 2163 368 2185 unus
388 2151 502 2185 Vatic.
521 2152 637 2185 Sectus
656 2156 695 2184 ut
714 2144 958 2190 Bononiensis.
992 2150 995 2154 ’

277 2203 424 2249 Optime
437 2203 571 2238 Sarrav.
585 2209 621 2236 et
634 2202 765 2247 Regius
779 2202 846 2236 Sex
857 2204 910 2235 bis
921 2208 960 2236 ut

275 2257 431 2290 Icaridos
439 2254 605 2298 famula-5
628 2254 676 2289 sic
696 2261 730 2288 et
749 2252 957 2288 Leucothoae

277 2311 331 2342 bis
343 2306 566 2351 sexfamulas
578 2306 636 2340 dat
647 2332 656 2350 ,
676 2306 764 2341 Met.
783 2306 846 2341 IV.
865 2307 958 2340 H.—

276 2361 344 2393 Sex
360 2363 412 2393 bis
429 2366 467 2393 ut
483 2361 636 2393 Icaridos
644 2357 791 2402 famulae
805 2363 957 2403 perier&

277 2412 404 2460 OdysS.
426 2420 456 2448 X
472 2426 480 2448 z
502 2427 520 2443 «ι
539 2413 635 2447 Tum
653 2412 823 2447 substrata
845 2410 958 2456 procis

277 2465 462 2500 famularia
478 2471 591 2500 scorta
607 2470 788 2499 necantur.
805 2463 957 2498 Informi

277 2517 470 2553 tremulum
482 2518 568 2552 sune
583 2517 750 2562 pependit
761 2529 860 2551 onus.
874 2531 892 2547 »
905 2522 955 2558 Μὴ

277 2577 397 2616 καθαρῷ
411 2571 538 2616 θανάτῳ
550 2583 559 2611 ;
581 2570 729 2604 Homer.
744 2569 776 2603 d.
789 2568 810 2603 l.
822 2582 868 2603 vs.
882 2569 957 2612 462.

324 2621 398 2668 394.
413 2622 516 2665 Inque
528 2628 631 2664 caput
643 2623 775 2654 domini
783 2624 843 2665 qui
854 2623 962 2655 dabat

278 2686 374 2707 arma
378 2677 501 2717 procis.
520 2673 607 2708 Haee
621 2673 741 2707 omnia
756 2673 908 2718 reperies
920 2673 958 2707 in

281 2724 408 2771 Odyss.
424 2731 465 2760 X.

1060 1052 1137 1098 395.
1149 1051 1263 1086 Aonio
1272 1054 1316 1086 ab
1325 1054 1465 1095 hospite.
1473 1051 1535 1087 Ah
1540 1050 1706 1087 Hercule.

1026 1122 1069 1129 —
1086 1105 1252 1138 Luctator
1264 1110 1329 1138 etc.
1343 1103 1501 1138 Antaeus.

1071 1169 1145 1203 297.
1171 1157 1219 1190 Ut
1240 1169 1322 1201 quos
1343 1156 1468 1191 Antei.
1485 1154 1620 1190 Multos
1638 1166 1706 1189 ex·-

1026 1215 1146 1243 ternos
1163 1208 1352 1243 certamine
1373 1207 1416 1242 ab
1432 1207 1560 1243 Antaeo
1577 1207 1705 1243 occisos

1021 1261 1126 1296 fuisse
1142 1288 1151 1305 ‚
1169 1268 1289 1296 auctor
1304 1268 1355 1296 est
1371 1261 1559 1296 Diodorus.

1066 1315 1141 1361 398.
1155 1315 1296 1366 'Lemnia
1311 1315 1407 1348 turba
1418 1316 1512 1363 dedit
1520 1320 1588 1348 etc:
1600 1312 1704 1348 Lem-

1020 1365 1158 1400 nienses
1173 1365 1338 1413 mulieres
1348 1391 1358 1409 ,
1370 1364 1634 1410 quumVeneris
1647 1377 1704 1399 sa-

1020 1431 1078 1453 cra
1092 1426 1205 1454 essent
1213 1426 1375 1454 aversatae
1387 1445 1396 1462 ‚
1415 1418 1501 1453 irata
1509 1417 1587 1453 Dea
1597 1417 1646 1453 eis
1655 1424 1705 1453 te-

1020 1477 1116 1505 trum
1143 1470 1290 1506 immisit
1321 1470 1479 1505 odorem.
1505 1469 1702 1515 Quumque

1021 1523 1161 1557 Lemnii
1176 1523 1240 1557 viri
1255 1524 1292 1557 in
1307 1522 1461 1558 Thraces
1478 1522 1610 1557 bellum
1627 1534 1703 1568 age-

1021 1582 1119 1618 rent,
1135 1575 1277 1609 tandem
1290 1574 1438 1609 victores
1453 1586 1620 1619 magnam
1634 1573 1703 1618 pel-

1020 1626 1127 1661 licum
1142 1626 1282 1661 turbam
1296 1638 1414 1661 secum
1431 1625 1561 1660 duxere
1573 1639 1582 1668 3
1595 1637 1703 1670 quam

1022 1691 1133 1724 quum
1142 1691 1267 1713 uxores
1274 1678 1371 1712 ferre
1380 1690 1453 1713 non
1465 1684 1605 1723 possent
1614 1677 1703 1722 inju-

1021 1731 1110 1766 riam
1126 1758 1135 1775 ‚
1158 1731 1344 1765 unanimes
1360 1730 1595 1765 decreverunt
1610 1730 1703 1764 viros

1022 1783 1179 1819 occidere
1201 1796 1209 1817 :
1227 1796 1314 1828 quos
1329 1809 1339 1827 ,
1365 1789 1404 1818 ut
1418 1789 1613 1829 statuerant
1626 1807 1636 1825 ‚
1657 1781 1702 1816 ad

1020 1850 1133 1871 unum
1146 1836 1358 1871 interemere
1372 1862 1382 1880 ‚
1400 1836 1532 1882 pariter
1542 1843 1580 1871 et
1591 1835 1701 1870 Thra-

1020 1901 1077 1924 ces
1099 1888 1264 1923 mulieres
1285 1888 1442 1933 filiosque
1455 1914 1464 1932 ,
1483 1894 1699 1930 metuentes,

1020 1954 1066 1976 ne
1077 1948 1258 1986 paternam
1267 1938 1703 1985 ulciscerenturinjuriam:

1021 2005 1095 2027 non
1118 2000 1237 2028 tamen
1258 2000 1366 2027 tantae
1386 1992 1613 2027 immanitatis
1626 1992 1702 2026 ,fuit

1022 2045 1204 2092 Hipsipyle
1219 2070 1228 2088 ‚
1257 2057 1334 2089 quae
1349 2044 1420 2079 sola
1437 2043 1528 2090 patri
1545 2043 1700 2078 Thoanti

1022 2098 1177 2142 pepercit
1188 2124 1196 2136 ,
1215 2109 1367 2142 eumque
1384 2096 1543 2131 servavit.
1555 2096 1649 2130 ΖΑΒ.

1065 2150 1141 2196 399.
1159 2150 1208 2183 Ut
1219 2152 1367 2194 que‘post
1379 2151 1523 2193 longum.
1537 2149 1698 2182 Postno-

1019 2214 1097 2235 num
1113 2213 1226 2242 unus;
1244 2213 1302 2235 sex
1318 2200 1373 2234 alii
1380 2207 1463 2244 post
1472 2205 1698 2242 annum,·tres

1014 2259 1096 2296 post
1110 2265 1228 2287 annos.
1247 2253 1354 2286 Forte
1362 2258 1446 2297 post
1458 2258 1571 2294 tantm·
1594 2251 1699 2286 Pont.
1765 2251 1780 2263 ⁸

1021 2306 1098 2349 111,
1116 2306 1169 2341 El.
1187 2317 1239 2349 IV,
1254 2319 1300 2340 vs.
1313 2307 1355 2351 47
1370 2317 1377 2339 :
1396 2319 1412 2335 «
1429 2303 1500 2338 Vix
1513 2304 1606 2338 bona
1623 2311 1701 2349 post

1020 2365 1120 2392 tanto
1145 2358 1316 2403 quaerenti
1343 2357 1447 2391 verba
1472 2356 1635 2391 subibant
1650 2369 1660 2397 ;
1681 2370 1699 2386 »ι

1020 2410 1144 2455 Virgil.
1157 2410 1285 2456 Georg.
1302 2409 1358 2444 III
1369 2434 1379 2452 ,
1397 2421 1444 2442 vs.
1461 2408 1545 2455 476:
1561 2422 1580 2438 «
1594 2408 1700 2443 Nunc

1021 2476 1161 2509 quoqne
1173 2470 1247 2508 post
1259 2468 1357 2496 tanto
1366 2461 1483 2495 videat
1494 2460 1698 2506 desertaque

1020 2529 1128 2562 regna
1141 2517 1326 2550 Pastorum
1335 2540 1345 2557 ,
1364 2520 1400 2547 et
1415 2513 1517 2558 louge
1532 2513 1636 2547 saltus
1648 2512 1699 2546 la-

1021 2575 1125 2613 teque
1142 2573 1300 2601 vacantes
1312 2579 1321 2606 ;
1335 2580 1352 2595 »
1362 2565 1545 2599 Lucretius
1557 2590 1566 2608 ,
1579 2565 1697 2599 lib.V:

1022 2636 1039 2651 «
1058 2619 1197 2665 Quidve
1210 2618 1292 2653 novi
1308 2618 1421 2664 potuit
1436 2625 1535 2653 tanto
1549 2624 1626 2663 post
1639 2630 1700 2651 an-

1020 2681 1054 2708 te
1073 2673 1206 2718 quietos
1222 2670 1369 2706 Inlicere
1381 2672 1398 2706 ?
1421 2687 1438 2701 υ
1459 2671 1562 2705 Η.-
1580 2670 1702 2715 [siqui

1013 2730 1102 2769 post.
1120 2722 1282 2759 Prasillus
1293 2749 1303 2767 ,
1321 2730 1361 2759 ut
1377 2723 1434 2758 alii
1449 2723 1525 2759 cod.
1541 2722 1672 2757 habent
1684 2748 1692 2764 ,
