1794 3100
555 232 689 275 PER
722 232 765 274 J.
799 229 1109 274 MASSON.
1469 230 1549 272 155

121 352 144 372 »
171 326 378 391 ffiginm,
398 337 451 374 sE
475 337 519 373 et
543 323 706 372 GALLO
743 324 953 372 CANnuo
990 335 1112 371 coss.
1152 322 1355 371 dedicato
1392 321 1554 370 Martis

121 429 144 451 »
167 402 335 471 templo
351 441 364 461 ,
386 403 570 451 ,animos
594 400 837 468 oculosque
869 401 1027 468 populi
1062 400 1254 449 Romani
1286 399 1556 466 repleverat,

121 483 286 534 »wsoeda
318 483 440 532 dictu
458 481 755 547 memoriaque
785 480 1006 529 horrenda
1041 479 1086 527 in
1119 479 1260 546 ipsius
1294 479 1556 542 (Augusti)

118 587 145 608 »n
173 564 309 613 domo
340 574 581 630 tempestas
617 560 787 627 erupit,
815 571 895 608 ete.
920 582 943 602 »
985 559 1163 608 Scilicet
1186 559 1224 607 si
1252 559 1416 625 trq'grtitta
1438 570 1559 606 retro

113 658 323 690 numeres
350 658 489 688 annos
513 638 568 687 ab
592 637 773 686 exordio
799 635 1055 685 consulatus
1091 635 1277 692 Vinicii,
1307 635 1378 684 cui
1413 634 1557 683 libros

116 717 327 767 inscribit
339 736 446 766 suos
469 715 691 773 Velleius,
715 715 762 763 id
778 727 873 773 est,
897 714 954 762 ab
970 733 1085 762 anno
1107 715 1163 761 U.
1187 714 1237 762 C.
1259 724 1534 761 DCCLXXXIII
1549 750 1560 770 ,

116 807 279 863 sponte
295 795 342 843 in
366 814 530 843 annum
555 795 611 842 U.
638 794 688 842 C.
719 805 900 850 DCCLII,
926 792 1118 841 incidere
1144 811 1192 840 ea
1215 790 1466 858 spectacula
1494 790 1562 838 vi-

117 874 259 924 debis.
285 875 386 923 Hoc
408 886 555 924 autem
579 892 697 922 anno
721 870 999 921 consulatum
1022 883 1110 919 XIII
1127 909 1138 929 ,
1164 890 1214 919 ac
1231 870 1439 920 ultimum
1464 870 1562 918 Au-

114 964 278 1016 gustus
303 952 462 1015 gessit,
489 951 659 1000 Silvano
698 950 878 1017 quidem
911 969 992 1016 per
1029 949 1224 1016 priorem
1258 948 1363 996 anni
1391 960 1563 1015 partem

120 1029 323 1094 collega,
348 1042 394 1078 at
414 1041 518 1098 post
535 1048 632 1078 eum
663 1029 792 1078 Gallo
818 1027 991 1077 Caninio
1008 1068 1020 1085 ‚
1057 1028 1133 1095 qui
1158 1028 1372 1077 suffectus
1396 1026 1564 1075 Silvano

119 1108 219 1156 suit.
247 1108 419 1157 Deinde
451 1107 675 1164 Caninius,
704 1109 910 1170 Augusto
941 1126 1035 1155 sese
1064 1107 1320 1164 abdicante,
1347 1105 1564 1169 collegam

128 1183 187 1250 Q.
222 1184 463 1233 Fabricium
494 1183 682 1242 habuit,
708 1184 775 1232 uti
809 1183 877 1232 vel
912 1203 962 1231 ex
998 1184 1239 1250 Ancyrano
1268 1193 1561 1230 monumento

124 1275 328 1321 constat3
354 1263 436 1312 ubi
459 1264 615 1322 etiam,
641 1263 677 1312 si
711 1264 832 1312 Dan.
862 1262 1050 1311 Cossom'i
1080 1263 1262 1311 schedas
1297 1282 1321 1310 a
1357 1260 1424 1310 Cl.
1461 1261 1560 1310 Jac.

128 1343 333 1392 Gronovio
346 1343 484 1392 editas
503 1350 540 1400 ¹,
561 1362 798 1410 sequamur
810 1381 821 1401 ,
841 1342 1110 1391 immeditate
1128 1342 1437 1409 praecedebant
1455 1360 1564 1389 con—

125 1420 244 1471 sules
266 1422 371 1470 anni
393 1423 448 1470 U.
473 1422 522 1471 C.
549 1434 711 1480 DCCLI,
741 1441 879 1489 quum
913 1420 976 1468 ibi
1006 1433 1112 1487 post
1137 1439 1249 1469 coss.
1283 1421 1388 1468 anni
1417 1432 1563 1477 DCCL,

122 1499 322 1564 legatur:
346 1513 403 1548 ΕΤ
424 1501 531 1548 N....
559 1501 625 1548 M.
652 1502 874 1548 MESSALA
901 1506 917 1523 ²
943 1511 1241 1548 coNsumssus
1258 1536 1270 1556 ‚
1307 1512 1363 1546 ET
1397 1500 1448 1546 L.
1477 1499 1566 1546 CA-

122 1589 262 1626 mmo
287 1590 345 1625 ET
367 1578 426 1641 Q.
462 1577 696 1626 FABssmo
728 1588 1037 1626 cousunuus.
1074 1577 1125 1623 ln
1151 1574 1388 1641 exemplari
1420 1586 1565 1623 autem

122 1654 257 1703 Pauli
282 1654 415 1703 Lucoe
437 1654 600 1718 legitur
620 1675 629 1702 :
756 1657 1401 1704 MESSALIA...CONSVL1BVS
1426 1667 1483 1702 ET
1513 1656 1564 1702 L.

125 1733 334 1781 CANINIO
358 1744 415 1779 ΕΤ
439 1732 810 1795 Q.FABR1C10....
832 1732 960 1781 Unde
984 1732 1142 1790 simul,
1174 1752 1266 1780 non
1293 1751 1421 1780 secus
1444 1751 1492 1779 ac
1516 1750 1568 1780 ex

121 1811 325 1871 Velleio,
356 1811 525 1878 liquet,
555 1810 774 1859 Caninium
812 1811 898 1858 hoc
924 1830 1038 1860 anno
1057 1849 1068 1869 ,
1104 1811 1152 1858 in
1190 1829 1280 1877 quo
1318 1828 1567 1867 versamur,

124 1892 184 1939 U.
210 1891 261 1945 C.
292 1902 473 1948 DCCLII,
499 1888 730 1939 consulem
754 1888 889 1937 fuisse
905 1926 917 1947 ,
945 1907 994 1936 ac
1021 1887 1211 1955 proinde
1243 1900 1336 1936 tum
1361 1887 1571 1955 praedicta

127 1967 375 2036 spectacula
394 1986 547 2036 reapse
574 1967 705 2015 edita.

193 2053 252 2099 II.
280 2050 532 2099 Obscurior
553 2070 646 2099 non
671 2050 754 2099 erit
773 2050 875 2098 anni
900 2060 1139 2116 tempestas
1154 2086 1165 2106 ,
1192 2068 1278 2116 qua
1291 2049 1381 2097 haec
1402 2061 1572 2115 specta—

130 2129 229 2179 cula
255 2130 436 2179 fuerunt
453 2130 676 2188 exhibita,
698 2129 735 2178 si
760 2129 817 2177 V
808 2129 968 2178 elleium
989 2148 1088 2177 cum
1102 2130 1277 2183 ‚Nasone
1291 2141 1448 2178 nostro
1469 2148 1573 2177 con-

129 2210 334 2259 feramus.
353 2207 533 2257 Etenim
548 2207 596 2255 in
611 2208 766 2256 Martis
786 2206 940 2274 templi
961 2207 1239 2255 dedicatione
1257 2207 1575 2255 Naumachiam

174 2345 186 2364 ¹
211 2343 367 2378 Memor.
387 2341 534 2377 Cosson.
550 2354 582 2386 p.
597 2339 651 2375 62.

176 2406 192 2425 ²
217 2402 314 2440 Coss.
329 2403 413 2438 anni
430 2403 477 2438 U.
501 2401 543 2438 C.
559 2412 667 2438 neem
689 2402 794 2448 vulgo
809 2402 976 2438 dicuntur
992 2404 1033 2437 L.
1052 2405 1148 2438 Com.
1165 2403 1329 2437 Lentulus
1345 2409 1381 2436 et
1393 2403 1445 2436 M.
1473 2403 1576 2437 Vale-

131 2464 201 2496 rius
222 2461 456 2505 Messal1>1us‚·
481 2459 576 2506 quod
593 2459 808 2495 confirmant
825 2459 994 2507 anonymi
1013 2459 1106 2494 Fasti
1123 2472 1143 2494 a
1164 2458 1304 2494 Nor-isio
1323 2457 1431 2501 editi,
1452 2457 1578 2503 quibus

132 2517 261 2563 legitur
284 2531 293 2553 z
316 2518 460 2553 Lentulo
473 2525 509 2552 et
529 2517 728 2551 Messalino.
756 2515 823 2551 His
841 2515 868 2550 si
885 2516 999 2561 potius
1011 2515 1098 2551 fides
1114 2515 1340 2559 adhibeatur,
1359 2515 1578 2562 corrigenda:

133 2580 217 2609 sunt
233 2572 371 2610 schedae
388 2572 634 2614 Cossonianae;
653 2571 734 2607 alias
747 2586 786 2607 ex
797 2571 835 2606 iis
848 2572 1006 2618 vulgares
1023 2573 1118 2608 Fasti
1130 2579 1236 2607 erunt
1251 2572 1477 2608 emendandi.
1493 2573 1579 2618 Quo

133 2630 172 2664 in
187 2628 296 2664 dubio
309 2627 398 2663 nihil
414 2641 478 2664 nos
492 2629 591 2673 juvat
603 2627 759 2662 Reinesii
776 2627 884 2663 Inscr.
900 2639 988 2663 xx1x
1002 2655 1012 2672 ,
1038 2628 1130 2663 Clas.
1151 2629 1194 2663 V.
1213 2628 1253 2662 L.
1276 2628 1392 2663 LENT.
1411 2628 1464 2663 M.
1482 2629 1577 2663 Mus.

135 2694 211 2720 cos.
228 2683 275 2718 K.
290 2683 379 2719 Jun.
402 2682 533 2718 Melius
551 2682 592 2717 P.
609 2682 712 2717 Lucae
734 2682 911 2728 exemplar
925 2682 1119 2719 Massam
1138 2708 1147 2727 ,
1177 2683 1363 2719 manifeste
1385 2695 1449 2728 pro
1466 2682 1577 2717 Mes-

135 2750 276 2775 sumo.
