1794 3100
590 219 718 263 PER
751 220 794 263 J.
833 217 1138 264 MASSON.
1497 223 1577 266 ‘231

195 315 291 364 JV.
314 315 501 363 Mortuo
517 313 671 362 itidem
694 314 903 376 Augusto
923 314 1089 362 Noster
1110 331 1159 362 ea
1178 314 1390 371 inseruit,
1412 334 1508 381 quae
1526 314 1587 363 le-

140 406 314 460 guntur
339 395 456 443 Fast.
482 392 563 442 lib.
584 394 636 451 I,
672 391 752 441 ubi
770 404 903 458 poeta
926 391 1187 441 Carmentam
1211 393 1264 442 de
1282 393 1487 442 Romano
1504 393 1588 443 im·-

141 471 270 538 μήθ
293 470 605 520 vaticinantem
625 469 689 518 sic
709 468 882 517 inducit
899 487 924 516 a
944 488 1054 518 vers.
1086 468 1173 517 531
1203 490 1212 517 z

366 568 415 605 Et
427 580 540 615 penes
554 569 728 613 Augustos
744 567 864 613 patriae
882 565 991 602 tutela
1014 568 1172 602 manebit
1187 581 1195 602 ε

409 630 515 665 Hanc
531 629 582 664 sas
598 629 735 675 imperii
753 629 856 664 frena
872 637 994 664 tenere
1010 628 1169 663 domum.

359 691 460 728 Jnde
471 703 575 736 nepos
587 695 759 735 natusque
775 690 850 724 Dm
863 717 872 734 ‚
892 689 972 725 licet
985 690 1056 736 ipse
1073 696 1220 730 recuset,

409 752 577 789 Pondera
592 752 718 788 caelesti
735 759 856 787 mente
873 759 1019 798 paterna
1037 752 1138 787 feret.

289 816 292 818 ’
365 814 488 859 thue
505 827 571 860 ego
588 814 766 860 perpetuis
781 813 864 849 olim
881 814 1041 849 sacrabor
1056 814 1093 848 in
1112 813 1179 848 aris
1192 839 1201 856 ,

413 875 472 911 Sic
487 875 673 911 AUGUSTA
687 887 823 910 novum
838 874 954 910 JULIA
971 887 1108 910 numen
1126 875 1204 910 erit.

147 974 201 1005 ex
226 955 392 1022 quibus
411 954 699 1022 perspicuum
716 953 770 1001 fit
788 991 800 1012 ,
827 965 1100 1021 quantopere
1124 952 1177 1001 cl.
1212 952 1409 1003 Νονιῖςίας
1436 960 1445 979 ¹
1469 972 1587 1003 erra-

150 1033 262 1082 verit
279 1070 292 1091 ,
333 1033 438 1081 dum
457 1031 685 1090 adseruit,
724 1031 941 1081 Ovidium
977 1032 1099 1080 libros
1139 1030 1364 1080 Fastorum
1402 1033 1585 1080 exsulem

149 1112 377 1180 scripsisse,
401 1111 562 1161 vivente
591 1109 728 1159 adhuc
758 1111 968 1178 Augusto.
992 1111 1169 1160 Etenim
1196 1118 1255 1159 1⁰.
1277 1129 1400 1178 nepos
1421 1112 1494 1161 ille
1510 1130 1585 1160 na-

149 1199 291 1257 tusque
314 1189 427 1246 Dei,
462 1189 539 1256 qui
559 1187 663 1238 licet
686 1202 931 1248 recusaret,
969 1209 1073 1239 mox
1096 1202 1243 1238 tamen
1267 1189 1440 1257 imperii
1469 1209 1585 1258 pon-

151 1267 255 1316 dera
273 1264 407 1326 tulit,
427 1265 581 1316 nullus
602 1278 719 1316 certe
745 1266 857 1315 alius
880 1279 1173 1335 praeterquam
1194 1267 1241 1315 T
1237 1267 1384 1315 iberius
1399 1306 1411 1324 ,
1447 1267 1589 1334 adop—

151 1345 403 1412 tionefilt'us
423 1344 645 1408 Augusti,
667 1344 756 1410 jam
778 1344 904 1394 Divis
926 1346 1230 1403 annumerati,
1265 1365 1313 1394 ac
1337 1345 1438 1394 ideo
1466 1365 1590 1411 nepos

148 1425 262 1474 Julii
298 1423 508 1482 Caesaris,
538 1423 655 1473 inter
687 1423 808 1473 Deos
829 1424 986 1491 utique
1018 1425 1276 1473 consecrati.
1323 1426 1425 1492 Ipse
1458 1426 1591 1475 etiam

153 1503 200 1552 T
196 1503 368 1564 ebetius,
399 1514 450 1551 ut
472 1503 653 1551 Tacitus
677 1510 694 1528 ¹
722 1515 934 1561 testatur,
967 1503 1175 1570 perplexa
1198 1516 1243 1552 et
1274 1504 1463 1552 obscura
1490 1522 1590 1552 ora-

152 1581 273 1630 tione
296 1580 529 1648 imperium
552 1601 576 1630 a
601 1600 646 1630 se
670 1581 864 1648 primum
886 1582 1064 1648 rejicere
1088 1581 1254 1639 voluit,
1279 1601 1360 1630 nec
1383 1582 1427 1630 id
1451 1601 1496 1631 se
1521 1602 1591 1631 ac·

152 1660 298 1726 cipere
319 1656 567 1716 simulavit,
592 1658 679 1708 nisi
701 1671 941 1727 postquam
963 1673 1141 1710 senatus
1160 1660 1370 1728 precibus
1387 1661 1587 1710 ursisset.

155 1736 291 1801 Quod
315 1747 360 1785 e‘t
383 1733 622 1784 Suetonius
640 1736 794 1804 paucis
809 1737 1003 1785 narravit
1023 1736 1038 1761 ³
1061 1757 1070 1785 :
1096 1760 1116 1780 ι(
1144 1737 1449 1804 Principatum
1464 1776 1476 1796 ‚
1498 1738 1562 1785 ait
1577 1775 1590 1796 ,

158 1837 180 1857 »
201 1814 412 1882 quamvis
433 1833 579 1881 neque
603 1833 820 1882 occupare
844 1815 1104 1873 confestim,
1125 1830 1269 1883 neque
1301 1834 1428 1880 agere
1461 1815 1594 1864 dubi-

159 1896 196 1936 ἰν
212 1905 372 1952 tasset,
396 1906 440 1943 et
460 1894 654 1942 statione
677 1893 869 1944 militum
886 1932 898 1953 ,
921 1895 1008 1944 hoc
1033 1906 1125 1954 est,
1150 1896 1193 1942 vi
1216 1908 1260 1944 et
1286 1896 1432 1962 specie
1451 1895 1593 1944 domi-

159 1995 183 2016 »
207 1972 404 2022 nationis
438 1972 666 2032 adsumta,
697 1972 775 2022 diu
800 1985 947 2023 tamen
978 1985 1242 2022 RECUSAVIT
1267 1973 1417 2039 (NB.)
1442 1973 1593 2040 impu-

161 2072 184 2094 »
212 2049 472 2100 (lentissimo
491 2050 666 2110 animo,
692 2063 774 2101 etc.
798 2074 821 2095 »
840 2051 1038 2100 Velleius
1049 2069 1152 2099 vero
1169 2052 1294 2101 testis
1319 2071 1490 2101 coaevus
1504 2071 1596 2100 rem

159 2147 241 2177 suo
258 2146 383 2176 more
396 2164 409 2186 ,
432 2127 481 2176 id
500 2140 586 2186 est,
604 2128 874 2187 adulatorie,
901 2129 963 2179 sic
980 2129 1115 2178 tradit
1128 2168 1139 2187 ,
1165 2129 1244 2178 lib.
1265 2132 1311 2178 II
1325 2168 1336 2189 ‚
1356 2150 1450 2197 cap.
1485 2133 1595 2192 124:

164 2227 187 2248 «ι
217 2206 318 2252 Una
348 2215 499 2253 >tamen
528 2203 651 2253 velut
685 2205 870 2255 luctatio
894 2206 1083 2255 civitatis
1105 2207 1214 2264 fuit;
1240 2207 1481 2274 pugnantis
1498 2226 1600 2256 cum

165 2305 188 2325 »
216 2282 387 2330 Caesare
418 2293 597 2330 senatus
620 2282 869 2350 populique
900 2283 1095 2341 romani,
1121 2296 1174 2332 ut
1196 2284 1379 2333 stationi
1403 2296 1597 2351 paternae

165 2381 188 2402 »
214 2358 469 2408 succederet
488 2378 497 2406 2
518 2357 637 2407 illius
651 2397 664 2417 ,
688 2372 741 2408 ut
756 2361 910 2427 potius
925 2361 1136 2428 aequalem
1156 2362 1315 2418 civem,
1340 2382 1471 2429 quam
1490 2363 1600 2411 emi·

166 2459 189 2480 »
213 2448 394 2486 nentem
419 2436 570 2486 liceret
590 2456 716 2500 agere
740 2438 1000 2506 principem.
1021 2440 1221 2488 Tandem
1245 2441 1386 2502 magis
1407 2441 1598 2501 ratione,

167 2537 189 2557 ›-
218 2533 349 2581 quam
374 2516 546 2565 honore
571 2516 713 2565 victus
734 2528 801 2564 est
821 2536 830 2565 ε
854 2536 991 2583 quum
1013 2517 1233 2583 quidquid
1266 2519 1480 2568 tuendum
1509 2539 1601 2569 non

211 2633 222 2651 ¹
247 2629 302 2665 De
322 2629 449 2666 cenot.
467 2630 585 2667 Pisan.
602 2645 676 2678 pag.
695 2644 770 2667 ποι.

210 2693 225 2711 ²
249 2690 378 2726 Annal.
391 2691 449 2726 lib.
466 2691 482 2726 1
500 2691 577 2726 init.

210 2750 223 2773 ³
248 2751 289 2787 In
308 2751 388 2788 Tib.
406 2765 477 2797 cap.
500 2758 549 2796 ας.
