1794 3100
562 248 689 293 PER
723 249 767 292 J.
803 247 1108 292 MAssoN.
1267 213 1271 217 ¹
1477 249 1557 310 157

122 357 176 396 ut
202 343 403 409 vulgares
437 342 587 392 ferunt
619 342 819 402 codices,
858 362 971 410 quos
1004 341 1131 408 sequi
1162 339 1407 398 malumus,
1440 361 1552 391 vers.

125 423 216 491 597
245 434 289 472 et
312 421 406 489 598
427 441 436 470 ε

342 520 532 556 Solemnes
546 521 646 555 ludos
661 523 748 555 c1'rc1'
758 519 930 555 celebrate
942 546 952 562 ‚
977 517 1136 564 Quirites
1148 546 1158 563 ‚

389 581 473 617 Non
487 581 560 616 visa
577 587 628 616 est
644 580 774 615 fortem
791 592 895 616 scena
911 579 1035 614 decere
1053 579 1184 614 Deum.

58 660 60 662 ’
123 678 176 709 ex
199 658 364 727 quibus
388 658 521 708 simul
544 658 716 707 collatis
741 658 1022 707 manifestum
1046 670 1138 714 est,
1163 657 1297 706 ludos
1323 657 1564 724 quotannis

122 736 181 786 ad
195 749 248 785 IV
271 739 391 786 IDUS
409 738 568 785 MMAS
588 736 636 784 in
650 736 765 784 circo
786 734 1031 784 celebratos
1050 736 1204 783 Romae
1220 733 1358 782 fuisse
1370 772 1381 793 ‚
1400 753 1451 782 ex
1470 754 1561 801 quo

122 849 205 886 satis
221 849 273 886 est
289 851 458 886 meruisse
474 854 581 886 semel
593 850 806 897 cognomina
821 851 935 885 Mam·
947 863 957 885 .·
973 850 1204 895 Persequitur
1227 851 1358 884 Partha
1376 853 1477 894 sfgna
1500 862 1566 884 re-

122 914 221 943 tenta
243 921 344 943 manu
361 915 426 944 etc.
442 909 569 943 Par-the
582 935 590 950 ,
610 907 721 942 refers
735 910 870 953 aquilas
886 920 896 941 :
919 907 1027 943 victos
1042 918 1182 952 quoque
1203 906 1350 951 porrigis
1372 919 1479 941 arcus.
1497 906 1566 940 Pi—

123 975 241 1010 gnora*
257 963 330 1008 jam
351 963 463 999 nostri
486 963 583 998 nulla
602 963 746 1009 pudoris
764 962 890 1007 habes,
909 962 991 997 Rite
1016 961 1096 997 Deo
1113 964 1340 1007 templumque
1359 961 1480 995 datum
1499 974 1567 996 no—

122 1030 277 1063 menque
292 1020 345 1052 bis
359 1020 430 1053 ulto
447 1024 511 1052 etc.
531 1032 548 1048 »
575 1018 669 1062 Quae
692 1017 719 1051 si
738 1018 803 1052 rite
822 1030 905 1052 cum
922 1016 1055 1052 caeteris
1079 1017 1292 1052 carminibus
1312 1015 1565 1061 conferantur,

125 1075 259 1121 liquido
276 1075 408 1122 patebit
423 1101 433 1119 ,
460 1087 685 1121 nequaquam
702 1074 786 1110 hinc
803 1074 930 1121 ambigi
947 1087 1044 1120 posse
1059 1101 1068 1118 ,
1088 1089 1106 1105 «
1127 1087 1171 1109 an
1188 1074 1315 1120 duplici
1329 1081 1567 1120 cognomento

128 1146 148 1163 »ι
163 1132 263 1167 Mars
278 1132 314 1166 in
329 1131 457 1167 eodem
478 1132 611 1177 templo
622 1132 666 1167 sit
675 1131 787 1166 cultus
801 1157 810 1175 ,
828 1127 872 1166 axi
888 1130 960 1165 duo
974 1137 1089 1165 essent
1107 1130 1236 1176 templa
1251 1157 1260 1174 ,
1279 1130 1414 1165 Ultoris
1430 1138 1466 1165 et
1483 1130 1564 1165 Bis-

125 1202 145 1218 »
163 1188 285 1223 ultoris
297 1214 306 1232 ,
322 1202 340 1219 »
355 1194 396 1222 ut
412 1194 532 1222 censet
547 1187 710 1222 Donatus
733 1186 802 1233 (de
825 1186 912 1221 urbe
936 1187 1040 1221 Rom.
1058 1187 1115 1221 lib.
1130 1188 1166 1222 11
1180 1214 1188 1231 ,
1208 1199 1280 1232 cap.
1296 1200 1336 1220 22
1350 1188 1363 1228 )
1377 1213 1387 1229 ,
1412 1198 1566 1231 quocum

124 1245 202 1289 alii,
224 1244 436 1280 Torrentius
449 1272 458 1289 ,
487 1243 638 1280 Nardini
652 1271 661 1288 ,
680 1251 745 1278 etc.
767 1258 808 1278 ex
825 1245 895 1279 hoc
911 1243 987 1278 loco
1010 1257 1047 1279 ac
1064 1243 1181 1279 Dione
1201 1243 1279 1288 (lib.
1295 1244 1396 1287 LIV,
1417 1257 1450 1289 p.
1470 1244 1534 1278 525
1551 1247 1566 1288 )

123 1296 292 1345 colligunt
305 1325 314 1343 ,
336 1306 465 1344 praeter
478 1298 547 1334 hoc
565 1298 738 1344 templum
763 1298 800 1332 in
820 1299 914 1333 Foro
931 1298 1094 1350 Augusto
1117 1298 1227 1333 Marti
1244 1298 1362 1333 Ultori
1384 1311 1569 1333 consecra-

124 1365 205 1393 tum
221 1384 231 1402 ,
251 1357 346 1392 aliud
364 1356 471 1392 etiam
494 1356 682 1391 delubrum
709 1355 857 1391 minoris
882 1356 1050 1402 impensae
1077 1356 1114 1390 in
1143 1354 1319 1401 Capitolio
1346 1356 1498 1401 positum
1524 1355 1567 1390 ab

125 1413 299 1459 Augusto.
316 1413 456 1447 Verum
471 1410 622 1448 Ovidius
634 1424 746 1446 unum
758 1411 867 1446 modo
883 1411 1053 1457 templum
1066 1438 1076 1455 ‚
1092 1411 1187 1457 quod
1201 1412 1311 1447 Marti
1325 1411 1443 1446 Ultori
1460 1410 1569 1446 fuerit

124 1483 264 1507 sacrum
280 1483 323 1504 eo
338 1469 375 1504 in
389 1470 484 1505 Foro
497 1495 507 1512 ,
528 1481 670 1515 quoque
689 1481 856 1514 suspensa
873 1468 1008 1503 fuerint
1023 1469 1120 1515 signa
1141 1469 1303 1503 Romana
1319 1481 1338 1502 a
1356 1468 1494 1503 Parthis
1509 1482 1567 1503 re-

123 1533 242 1572 cepta,
262 1526 434 1572 indigitat.
450 1525 522 1560 Dio
539 1525 682 1571 quidem
696 1551 705 1569 ‚
728 1533 768 1560 ut
794 1525 993 1572 vulgaribus
1019 1526 1096 1571 ejus
1120 1525 1295 1560 codicibus
1320 1525 1471 1560 habetur
1486 1552 1495 1569 ,
1523 1526 1566 1560 de

123 1582 198 1619 istis
213 1582 320 1629 signis
338 1595 445 1629 agens
460 1581 503 1617 ad
526 1595 581 1617 an.
599 1582 648 1617 U.
669 1581 711 1617 C.
732 1592 919 1617 Dccxxxw
932 1610 941 1627 ,
960 1596 1031 1629 quo
1056 1584 1235 1630 Augustus
1250 1597 1289 1619 ea
1307 1584 1439 1629 recepit
1455 1610 1464 1627 ,
1493 1584 1567 1619 haec

91 1686 93 1688 ι
124 1639 244 1686 prodit
258 1652 267 1674 ε
283 1653 300 1669 «
324 1639 447 1685 Itaque
463 1645 499 1674 et
513 1638 679 1674 sacrificia
695 1639 771 1684 ejus
785 1638 836 1673 rei
855 1651 956 1674 causa
970 1665 979 1682 ,
999 1646 1035 1674 et
1050 1640 1223 1686 templum
1241 1640 1368 1674 Martis
1382 1640 1517 1676 Ultoris
1530 1642 1566 1675 in

123 1710 144 1727 ι»
165 1695 339 1742 Capitolio
353 1723 363 1739 ,
384 1695 427 1731 ad
447 1695 683 1730 imitationem
707 1695 806 1731 Jovis
824 1696 997 1740 Feretrii,
1022 1699 1113 1733 Κατὰ
1129 1700 1163 1732 τὶ
1179 1703 1230 1732 τοῦ
1247 1700 1317 1737 Διὲς
1335 1704 1487 1748 Φερετρίου
1506 1702 1567 1740 ζή-

124 1765 145 1783 »
161 1756 252 1798 λωμα
264 1778 274 1796 ,
294 1764 366 1797 quo
385 1751 482 1797 signa
499 1764 539 1786 ea
556 1750 719 1785 militaria
733 1751 1056 1797 suspenderentur,
1083 1751 1226 1786 decerni
1244 1751 1343 1797 jussit
1356 1778 1365 1795 ,
1383 1765 1421 1787 ac
1438 1752 1566 1787 deinde

124 1822 146 1840 κ
162 1808 320 1856 perfecit.
339 1823 357 1840 »ι
386 1809 435 1844 At
458 1808 516 1843 hic
537 1808 632 1844 locus
661 1808 795 1843 mendo
823 1821 897 1843 non
929 1816 1043 1852 caret,
1076 1807 1234 1855 mihique
1258 1816 1393 1844 constat
1408 1836 1417 1852 ,
1437 1811 1542 1845 verba
1557 1838 1566 1854 ,

124 1863 329 1901 Scribarum
342 1864 443 1910 culpa
455 1863 547 1899 male
562 1863 747 1899 deturbata
762 1891 770 1908 ,
790 1864 838 1899 sic
857 1878 928 1899 esse
942 1864 1159 1899 restituenda
1179 1878 1186 1899 :
1201 1879 1218 1895 «
1237 1865 1427 1910 Templum
1441 1866 1567 1902 Martis

126 1936 146 1952 n
163 1921 319 1966 Ultoris,
336 1920 379 1956 ad
393 1921 504 1956 instar
518 1919 608 1955 illius
628 1920 727 1955 Jovis
750 1920 901 1955 Feretrii
927 1921 964 1955 in
990 1919 1186 1966 Capitolio,
1213 1934 1284 1967 quo
1297 1948 1306 1965 ‚
1333 1930 1398 1957 etc.
1423 1922 1567 1958 decerni

126 1991 146 2008 ›-
160 1977 282 2023 jussit,
300 1985 364 2013 etc.
383 1992 400 2008 υ
423 1976 530 2013 Ratio
551 1984 626 2021 est,
646 1976 741 2022 quod
759 1976 911 2012 Ovidius
925 2004 934 2021 ,
962 1977 1224 2022 Suetoniusque
1243 1977 1286 2012 ad
1307 1979 1421 2013 solum
1439 1979 1567 2014 Martis

125 2033 298 2079 templum
313 2033 351 2068 in
369 2033 462 2068 Foro
483 2033 643 2079 Augusto
659 2039 900 2068 constructum
919 2033 1078 2068 referant
1095 2061 1104 2078 ,
1132 2047 1209 2079 quae
1236 2034 1363 2070 Dionis
1387 2043 1500 2070 textus
1522 2035 1566 2070 ad

126 2089 219 2123 aliud
242 2089 279 2123 in
302 2087 476 2134 Capitolio
491 2089 723 2124 constitutum
742 2088 857 2124 trahit.
874 2088 951 2124 Alia
967 2090 1188 2135 praeterimus
1205 2098 1413 2137 argumenta
1425 2118 1434 2135 ,
1455 2101 1573 2137 quum·

125 2146 162 2182 id
179 2146 259 2181 satis
274 2146 340 2181 boc
356 2145 431 2181 loco
452 2146 506 2181 sit.
528 2145 703 2181 Addimus
718 2146 826 2181 modo
839 2174 848 2190 ,
875 2147 904 2182 si
919 2147 1069 2182 Nasonis
1083 2161 1202 2182 versus
1218 2155 1396 2193 postremo
1411 2149 1566 2194 prolatus

125 2217 208 2239 cum
240 2202 295 2240 (ΣΙ.
322 2203 398 2239 Nic.
425 2202 576 2238 Heinsio
599 2216 641 2238 ex
665 2203 741 2238 cod.
771 2203 869 2238 MSS
889 2204 1044 2250 legatur,
1069 2204 1207 2239 nullum
1232 2206 1341 2240 Marti
1363 2219 1564 2252 cognomen

125 2262 312 2296 Bhultonssr
327 2273 400 2295 esse
415 2259 538 2294 datum
552 2273 561 2301 ;
583 2259 644 2294 sed
659 2267 800 2305 poetam
818 2259 950 2294 ibidem
961 2268 1102 2295 tantum
1114 2260 1239 2297 docere
1254 2288 1263 2305 ‚
1287 2263 1415 2297 Ultoris
1431 2276 1565 2309 cogno—

125 2329 211 2352 men
230 2316 313 2352 huic
332 2316 413 2351 Deo
430 2315 602 2351 tributum
622 2314 727 2350 fuisse
744 2329 752 2357 3
772 2315 867 2361 quod
889 2317 997 2351 semel
1017 2317 1138 2363 bisque
1155 2318 1198 2353 sit
1210 2331 1265 2353 res
1278 2332 1442 2354 romanas
1462 2320 1565 2356 ultus.

126 2373 203 2410 Nee
217 2373 366 2419 proinde
387 2372 480 2408 aliud
498 2371 732 2418 quaerendum
750 2379 802 2407 est
816 2373 989 2418 templum
1002 2400 1011 2417 ‚
1034 2374 1129 2419 quod
1148 2375 1273 2410 Martis
1290 2377 1476 2410 Bis-ultoris
1499 2390 1563 2412 vo-

125 2435 244 2470 catum
258 2428 374 2463 fuerit.
395 2429 470 2463 Nec
486 2428 593 2462 etiam
610 2441 651 2461 ex
673 2426 802 2472 duplici
820 2427 952 2472 templo
969 2428 1120 2473 petenda
1133 2442 1213 2464 cum
1232 2429 1424 2464 Torrentio
1440 2444 1540 2467 causa
1554 2459 1564 2475 ,

125 2496 191 2518 cur
200 2496 268 2517 non
277 2485 394 2517 eadem
410 2487 446 2517 in
461 2486 604 2517 nummis
619 2484 772 2517 omnibus
783 2483 908 2516 Martis
923 2483 1155 2527 templi-forma
1171 2488 1324 2519 cernitur.
1344 2484 1387 2519 In
1399 2486 1565 2521 omnibus

126 2540 224 2575 enim
258 2539 415 2575 MARTIS
447 2540 619 2575 ULTOR-Is
653 2539 773 2574 titulus
805 2538 956 2584 legitur;
980 2547 1082 2585 atque
1113 2555 1223 2586 quum
1246 2543 1279 2576 in
1307 2544 1486 2580 nonnullis
1507 2559 1565 2581 sex

126 2597 300 2634 columnae
323 2609 404 2631 cum
426 2597 532 2642 signis
550 2597 757 2631 militaribus
778 2603 971 2630 cernantur
985 2623 994 2639 ,
1020 2597 1057 2630 in
1079 2597 1151 2632 aliis
1174 2611 1259 2633 vero
1283 2598 1564 2644 quatuor'solum

126 2653 302 2689 columnae
322 2666 402 2688 rum
419 2653 493 2699 ipso
515 2652 634 2687 Marte
653 2653 750 2698 signa
775 2659 940 2697 gerente3
964 2652 1037 2688 haec
1051 2654 1197 2690 varietas
1215 2655 1257 2691 ad
1279 2657 1388 2692 varias
1405 2658 1564 2704 ejusdem

128 2710 249 2757 templi
275 2711 379 2746 facies
396 2710 522 2746 referri
540 2718 665 2756 potest.
692 2709 785 2746 Vide
803 2709 974 2745 Nostrum
988 2737 998 2754 ,
1025 2710 1056 2746 F
1057 2719 1115 2747 ast.
1132 2711 1189 2746 lib.
1211 2713 1257 2756 V,
1276 2726 1363 2749 vers.
1384 2715 1540 2750 5610566
1556 2731 1565 2758 ;

129 2765 236 2803 Trist.
250 2766 306 2801 lib.
323 2766 378 2811 II,
397 2779 485 2801 vers.
503 2769 577 2813 ²9⁵·
