<?xml version="1.0" encoding="UTF-8"?>
<!DOCTYPE html PUBLIC "-//W3C//DTD XHTML 1.0 Transitional//EN"
    "http://www.w3.org/TR/xhtml1/DTD/xhtml1-transitional.dtd">
<html xmlns="http://www.w3.org/1999/xhtml" xml:lang="en" lang="en">
 <head>
  <title>
</title>
<meta http-equiv="Content-Type" content="text/html;charset=utf-8" />
  <meta name='ocr-system' content='tesseract 3.04.00' />
  <meta name='ocr-capabilities' content='ocr_page ocr_carea ocr_par ocr_line ocrx_word'/>
</head>
<body>
  <div class='ocr_page' id='page_1' title='image "./quaeextantomniao08oviduoft_0114.png"; bbox 0 0 1794 3100; ppageno 0'>
   <div class='ocr_carea' id='block_1_1' title="bbox 246 263 1220 318">
    <p class='ocr_par' dir='ltr' id='par_1_1' title="bbox 246 263 1220 318">
     <span class='ocr_line' id='line_1_1' title="bbox 246 263 1220 318; baseline 0 -11"><span class='ocrx_word' id='word_1_1' title='bbox 246 263 326 318; x_wconf 72' lang='lat'><strong>104</strong></span> <span class='ocrx_word' id='word_1_2' title='bbox 665 265 719 307; x_wconf 84' lang='lat' dir='ltr'><strong>P.</strong></span> <span class='ocrx_word' id='word_1_3' title='bbox 765 265 998 309; x_wconf 84' lang='lat' dir='ltr'><strong>ov1n11</strong></span> <span class='ocrx_word' id='word_1_4' title='bbox 1042 263 1220 309; x_wconf 79' lang='lat' dir='ltr'><strong>VITA</strong></span> 
     </span>
    </p>
   </div>
   <div class='ocr_carea' id='block_1_2' title="bbox 236 354 1652 2803">
    <p class='ocr_par' dir='ltr' id='par_1_2' title="bbox 239 354 1645 494">
     <span class='ocr_line' id='line_1_2' title="bbox 239 354 1645 422; baseline 0.003 -23"><span class='ocrx_word' id='word_1_5' title='bbox 239 379 262 399; x_wconf 84' lang='lat'>»</span> <span class='ocrx_word' id='word_1_6' title='bbox 292 367 521 422; x_wconf 77' lang='lat' dir='ltr'><strong>praetexta,</strong></span> <span class='ocrx_word' id='word_1_7' title='bbox 553 367 700 418; x_wconf 88' lang='lat' dir='ltr'><strong>togam</strong></span> <span class='ocrx_word' id='word_1_8' title='bbox 725 375 878 422; x_wconf 88' lang='lat' dir='ltr'><strong>puram</strong></span> <span class='ocrx_word' id='word_1_9' title='bbox 910 356 1117 414; x_wconf 84' lang='lat' dir='ltr'><strong>indutus,</strong></span> <span class='ocrx_word' id='word_1_10' title='bbox 1149 355 1268 422; x_wconf 85' lang='lat' dir='ltr'><strong>quod</strong></span> <span class='ocrx_word' id='word_1_11' title='bbox 1298 354 1433 404; x_wconf 89' lang='lat' dir='ltr'><strong>virilis</strong></span> <span class='ocrx_word' id='word_1_12' title='bbox 1454 355 1645 404; x_wconf 78' lang='lat' dir='ltr'>tirocinii</span> 
     </span>
     <span class='ocr_line' id='line_1_3' title="bbox 242 444 741 494; baseline 0.002 -16"><span class='ocrx_word' id='word_1_13' title='bbox 242 454 263 473; x_wconf 86' lang='lat'>»</span> <span class='ocrx_word' id='word_1_14' title='bbox 292 444 592 494; x_wconf 77' lang='lat' dir='ltr'>argumentum</span> <span class='ocrx_word' id='word_1_15' title='bbox 616 444 693 480; x_wconf 85' lang='lat' dir='ltr'><strong>est.</strong></span> <span class='ocrx_word' id='word_1_16' title='bbox 718 455 741 474; x_wconf 87' lang='lat'>»</span> 
     </span>
    </p>

    <p class='ocr_par' dir='ltr' id='par_1_3' title="bbox 236 493 1652 2498">
     <span class='ocr_line' id='line_1_4' title="bbox 303 493 1646 572; baseline -0.001 -18"><span class='ocrx_word' id='word_1_17' title='bbox 303 507 365 554; x_wconf 85' lang='lat' dir='ltr'><strong>At</strong></span> <span class='ocrx_word' id='word_1_18' title='bbox 389 506 754 555; x_wconf 86' lang='lat' dir='ltr'><strong>eminentissimus</strong></span> <span class='ocrx_word' id='word_1_19' title='bbox 776 493 1006 564; x_wconf 70' lang='lat' dir='ltr'><strong>Norisitis,</strong></span> <span class='ocrx_word' id='word_1_20' title='bbox 1044 518 1087 554; x_wconf 85' lang='lat' dir='ltr'><strong>et</strong></span> <span class='ocrx_word' id='word_1_21' title='bbox 1113 505 1206 570; x_wconf 88' lang='lat' dir='ltr'><strong>ejus</strong></span> <span class='ocrx_word' id='word_1_22' title='bbox 1237 506 1418 568; x_wconf 85' lang='lat' dir='ltr'><strong>vestigia</strong></span> <span class='ocrx_word' id='word_1_23' title='bbox 1446 523 1646 572; x_wconf 81' lang='lat' dir='ltr'><strong>premens</strong></span> 
     </span>
     <span class='ocr_line' id='line_1_5' title="bbox 238 581 1646 645; baseline -0.002 -14"><span class='ocrx_word' id='word_1_24' title='bbox 238 583 542 632; x_wconf 87' lang='lat' dir='ltr'><strong>celeberrimus</strong></span> <span class='ocrx_word' id='word_1_25' title='bbox 563 584 759 633; x_wconf 85' lang='lat' dir='ltr'><strong>Graevius</strong></span> <span class='ocrx_word' id='word_1_26' title='bbox 769 620 780 641; x_wconf 93' lang='lat'><strong>,</strong></span> <span class='ocrx_word' id='word_1_27' title='bbox 791 595 842 630; x_wconf 89' lang='lat' dir='ltr'><strong>ut</strong></span> <span class='ocrx_word' id='word_1_28' title='bbox 856 582 1076 645; x_wconf 83' lang='lat' dir='ltr'><strong>vulgarem</strong></span> <span class='ocrx_word' id='word_1_29' title='bbox 1090 582 1289 630; x_wconf 88' lang='lat' dir='ltr'><strong>Suetonii</strong></span> <span class='ocrx_word' id='word_1_30' title='bbox 1307 581 1535 631; x_wconf 82' lang='lat' dir='ltr'><strong>lectionem</strong></span> <span class='ocrx_word' id='word_1_31' title='bbox 1550 599 1646 630; x_wconf 84' lang='lat' dir='ltr'><strong>ven-</strong></span> 
     </span>
     <span class='ocr_line' id='line_1_6' title="bbox 238 657 1646 717; baseline -0.001 -11"><span class='ocrx_word' id='word_1_32' title='bbox 238 659 408 717; x_wconf 85' lang='lat' dir='ltr'><strong>dicent,</strong></span> <span class='ocrx_word' id='word_1_33' title='bbox 431 659 597 707; x_wconf 86' lang='lat' dir='ltr'><strong>nodum</strong></span> <span class='ocrx_word' id='word_1_34' title='bbox 637 669 806 715; x_wconf 83' lang='lat' dir='ltr'><strong>secant,</strong></span> <span class='ocrx_word' id='word_1_35' title='bbox 834 658 993 706; x_wconf 89' lang='lat' dir='ltr'><strong>erroris</strong></span> <span class='ocrx_word' id='word_1_36' title='bbox 1023 659 1338 705; x_wconf 88' lang='lat' dir='ltr'><strong>Damascenum</strong></span> <span class='ocrx_word' id='word_1_37' title='bbox 1374 657 1646 712; x_wconf 83' lang='lat' dir='ltr'><strong>incusantes,</strong></span> 
     </span>
     <span class='ocr_line' id='line_1_7' title="bbox 239 734 1647 803; baseline -0.002 -19"><span class='ocrx_word' id='word_1_38' title='bbox 239 737 361 802; x_wconf 86' lang='lat' dir='ltr'><strong>quasi</strong></span> <span class='ocrx_word' id='word_1_39' title='bbox 386 736 514 784; x_wconf 87' lang='lat' dir='ltr'><strong>etiam</strong></span> <span class='ocrx_word' id='word_1_40' title='bbox 536 756 689 803; x_wconf 89' lang='lat' dir='ltr'><strong>parum</strong></span> <span class='ocrx_word' id='word_1_41' title='bbox 715 736 800 785; x_wconf 88' lang='lat' dir='ltr'><strong>sibi</strong></span> <span class='ocrx_word' id='word_1_42' title='bbox 823 747 1053 785; x_wconf 86' lang='lat' dir='ltr'><strong>constaret.</strong></span> <span class='ocrx_word' id='word_1_43' title='bbox 1079 735 1188 800; x_wconf 86' lang='lat' dir='ltr'><strong>Ejus</strong></span> <span class='ocrx_word' id='word_1_44' title='bbox 1213 747 1354 784; x_wconf 83' lang='lat' dir='ltr'><strong>tamen</strong></span> <span class='ocrx_word' id='word_1_45' title='bbox 1375 736 1442 782; x_wconf 89' lang='lat' dir='ltr'><strong>uti</strong></span> <span class='ocrx_word' id='word_1_46' title='bbox 1466 747 1510 783; x_wconf 90' lang='lat' dir='ltr'><strong>et</strong></span> <span class='ocrx_word' id='word_1_47' title='bbox 1532 734 1647 781; x_wconf 91' lang='lat' dir='ltr'><strong>Sue-</strong></span> 
     </span>
     <span class='ocr_line' id='line_1_8' title="bbox 240 810 1643 875; baseline -0.001 -17"><span class='ocrx_word' id='word_1_48' title='bbox 240 811 348 858; x_wconf 87' lang='lat' dir='ltr'><strong>tonii</strong></span> <span class='ocrx_word' id='word_1_49' title='bbox 382 811 487 859; x_wconf 86' lang='lat' dir='ltr'><strong>fides</strong></span> <span class='ocrx_word' id='word_1_50' title='bbox 517 812 684 875; x_wconf 84' lang='lat' dir='ltr'><strong>integra</strong></span> <span class='ocrx_word' id='word_1_51' title='bbox 717 812 850 860; x_wconf 90' lang='lat' dir='ltr'><strong>nobis</strong></span> <span class='ocrx_word' id='word_1_52' title='bbox 883 811 1078 869; x_wconf 86' lang='lat' dir='ltr'><strong>videtur,</strong></span> <span class='ocrx_word' id='word_1_53' title='bbox 1107 811 1211 858; x_wconf 90' lang='lat' dir='ltr'><strong>dum</strong></span> <span class='ocrx_word' id='word_1_54' title='bbox 1232 810 1322 859; x_wconf 83' lang='lat' dir='ltr'><strong>haec</strong></span> <span class='ocrx_word' id='word_1_55' title='bbox 1347 811 1643 859; x_wconf 84' lang='lat' dir='ltr'><strong>observamus.</strong></span> 
     </span>
     <span class='ocr_line' id='line_1_9' title="bbox 244 886 1648 953; baseline 0 -19"><span class='ocrx_word' id='word_1_56' title='bbox 244 896 302 935; x_wconf 90' lang='lat'><strong>1⁰.</strong></span> <span class='ocrx_word' id='word_1_57' title='bbox 332 889 481 951; x_wconf 82' lang='lat' dir='ltr'><strong>Quum</strong></span> <span class='ocrx_word' id='word_1_58' title='bbox 498 887 606 936; x_wconf 82' lang='lat' dir='ltr'><strong>illud</strong></span> <span class='ocrx_word' id='word_1_59' title='bbox 632 886 800 936; x_wconf 77' lang='lat' dir='ltr'><strong>Nicolai</strong></span> <span class='ocrx_word' id='word_1_60' title='bbox 822 892 904 953; x_wconf 85' lang='grc' dir='ltr'><em>περὶ</em></span> <span class='ocrx_word' id='word_1_61' title='bbox 929 897 991 943; x_wconf 82' lang='grc' dir='ltr'><strong>ἔτη</strong></span> <span class='ocrx_word' id='word_1_62' title='bbox 1015 891 1378 953; x_wconf 72' lang='grc' dir='ltr'><em>τεσσαρεσκαίδεκα,</em></span> <span class='ocrx_word' id='word_1_63' title='bbox 1403 887 1554 934; x_wconf 81' lang='lat' dir='ltr'><strong>circiter</strong></span> <span class='ocrx_word' id='word_1_64' title='bbox 1570 904 1648 934; x_wconf 76' lang='lat' dir='ltr'><strong>an-</strong></span> 
     </span>
     <span class='ocr_line' id='line_1_10' title="bbox 239 965 1647 1032; baseline -0.001 -19"><span class='ocrx_word' id='word_1_65' title='bbox 239 985 311 1013; x_wconf 80' lang='lat' dir='ltr'><strong>nos</strong></span> <span class='ocrx_word' id='word_1_66' title='bbox 353 966 645 1031; x_wconf 77' lang='lat' dir='ltr'><strong>quatuordecim</strong></span> <span class='ocrx_word' id='word_1_67' title='bbox 663 1005 675 1022; x_wconf 92' lang='lat'>‚</span> <span class='ocrx_word' id='word_1_68' title='bbox 722 966 886 1032; x_wconf 82' lang='lat' dir='ltr'><strong>optime</strong></span> <span class='ocrx_word' id='word_1_69' title='bbox 930 967 1074 1032; x_wconf 83' lang='lat' dir='ltr'><strong>possit</strong></span> <span class='ocrx_word' id='word_1_70' title='bbox 1121 967 1174 1014; x_wconf 87' lang='lat' dir='ltr'><strong>de</strong></span> <span class='ocrx_word' id='word_1_71' title='bbox 1220 966 1277 1013; x_wconf 88' lang='lat'><strong>15</strong></span> <span class='ocrx_word' id='word_1_72' title='bbox 1317 965 1492 1013; x_wconf 89' lang='lat' dir='ltr'><strong>labente</strong></span> <span class='ocrx_word' id='word_1_73' title='bbox 1533 983 1647 1012; x_wconf 87' lang='lat' dir='ltr'><strong>anno</strong></span> 
     </span>
     <span class='ocr_line' id='line_1_11' title="bbox 237 1041 1650 1110; baseline -0.001 -21"><span class='ocrx_word' id='word_1_74' title='bbox 237 1042 449 1105; x_wconf 84' lang='lat' dir='ltr'><strong>intelligi3</strong></span> <span class='ocrx_word' id='word_1_75' title='bbox 485 1043 587 1090; x_wconf 90' lang='lat' dir='ltr'><strong>hinc</strong></span> <span class='ocrx_word' id='word_1_76' title='bbox 612 1044 740 1091; x_wconf 84' lang='lat' dir='ltr'><strong>etiam</strong></span> <span class='ocrx_word' id='word_1_77' title='bbox 762 1043 875 1090; x_wconf 88' lang='lat' dir='ltr'><strong>bene</strong></span> <span class='ocrx_word' id='word_1_78' title='bbox 902 1044 1126 1091; x_wconf 90' lang='lat' dir='ltr'><strong>conveniet</strong></span> <span class='ocrx_word' id='word_1_79' title='bbox 1153 1043 1273 1110; x_wconf 87' lang='lat' dir='ltr'><strong>quod</strong></span> <span class='ocrx_word' id='word_1_80' title='bbox 1294 1042 1409 1091; x_wconf 89' lang='lat' dir='ltr'><strong>idem</strong></span> <span class='ocrx_word' id='word_1_81' title='bbox 1432 1041 1578 1099; x_wconf 81' lang='lat' dir='ltr'><strong>addit,</strong></span> <span class='ocrx_word' id='word_1_82' title='bbox 1601 1059 1650 1089; x_wconf 89' lang='lat' dir='ltr'><strong>ac</strong></span> 
     </span>
     <span class='ocr_line' id='line_1_12' title="bbox 237 1119 1652 1185; baseline 0.001 -19"><span class='ocrx_word' id='word_1_83' title='bbox 237 1119 493 1185; x_wconf 75' lang='lat' dir='ltr'><strong>praelaudati</strong></span> <span class='ocrx_word' id='word_1_84' title='bbox 514 1120 595 1167; x_wconf 87' lang='lat' dir='ltr'><strong>viri</strong></span> <span class='ocrx_word' id='word_1_85' title='bbox 619 1120 843 1184; x_wconf 89' lang='lat' dir='ltr'><strong>objiciunt.</strong></span> <span class='ocrx_word' id='word_1_86' title='bbox 871 1120 1045 1169; x_wconf 83' lang='lat' dir='ltr'><strong>Scilicet</strong></span> <span class='ocrx_word' id='word_1_87' title='bbox 1074 1121 1227 1170; x_wconf 86' lang='lat' dir='ltr'><strong>scribit</strong></span> <span class='ocrx_word' id='word_1_88' title='bbox 1248 1120 1320 1169; x_wconf 91' lang='lat' dir='ltr'><strong>ille</strong></span> <span class='ocrx_word' id='word_1_89' title='bbox 1336 1160 1347 1180; x_wconf 85' lang='lat'><strong>,</strong></span> <span class='ocrx_word' id='word_1_90' title='bbox 1373 1134 1521 1184; x_wconf 80' lang='lat' dir='ltr'><strong>togam</strong></span> <span class='ocrx_word' id='word_1_91' title='bbox 1543 1120 1652 1168; x_wconf 89' lang='lat' dir='ltr'><strong>viri-</strong></span> 
     </span>
     <span class='ocr_line' id='line_1_13' title="bbox 238 1198 1650 1266; baseline 0.001 -21"><span class='ocrx_word' id='word_1_92' title='bbox 238 1198 322 1246; x_wconf 89' lang='lat' dir='ltr'><strong>lem</strong></span> <span class='ocrx_word' id='word_1_93' title='bbox 343 1199 620 1260; x_wconf 78' lang='lat' dir='ltr'><strong>ab&#39;Augusto</strong></span> <span class='ocrx_word' id='word_1_94' title='bbox 640 1211 824 1247; x_wconf 87' lang='lat' dir='ltr'><strong>sumtam</strong></span> <span class='ocrx_word' id='word_1_95' title='bbox 842 1218 887 1247; x_wconf 86' lang='lat' dir='ltr'><strong>ea</strong></span> <span class='ocrx_word' id='word_1_96' title='bbox 905 1199 973 1248; x_wconf 85' lang='lat' dir='ltr'><strong>die</strong></span> <span class='ocrx_word' id='word_1_97' title='bbox 988 1237 999 1257; x_wconf 94' lang='lat'><strong>,</strong></span> <span class='ocrx_word' id='word_1_98' title='bbox 1021 1219 1105 1265; x_wconf 86' lang='lat' dir='ltr'><strong>qua</strong></span> <span class='ocrx_word' id='word_1_99' title='bbox 1124 1199 1318 1266; x_wconf 84' lang='lat' dir='ltr'><strong>pontifex</strong></span> <span class='ocrx_word' id='word_1_100' title='bbox 1336 1211 1502 1247; x_wconf 83' lang='lat' dir='ltr'><strong>creatus</strong></span> <span class='ocrx_word' id='word_1_101' title='bbox 1519 1199 1650 1247; x_wconf 84' lang='lat' dir='ltr'><strong>fuerit</strong></span> 
     </span>
     <span class='ocr_line' id='line_1_14' title="bbox 237 1275 1649 1343; baseline 0.002 -21"><span class='ocrx_word' id='word_1_102' title='bbox 237 1276 284 1322; x_wconf 91' lang='lat' dir='ltr'><strong>in</strong></span> <span class='ocrx_word' id='word_1_103' title='bbox 306 1278 355 1324; x_wconf 94' lang='lat' dir='ltr'><strong>L.</strong></span> <span class='ocrx_word' id='word_1_104' title='bbox 382 1275 567 1323; x_wconf 74' lang='lat' dir='ltr'><strong>Domitii</strong></span> <span class='ocrx_word' id='word_1_105' title='bbox 594 1275 678 1340; x_wconf 84' lang='lat' dir='ltr'><strong>jam</strong></span> <span class='ocrx_word' id='word_1_106' title='bbox 701 1276 893 1324; x_wconf 89' lang='lat' dir='ltr'><strong>defuncti</strong></span> <span class='ocrx_word' id='word_1_107' title='bbox 916 1276 1074 1324; x_wconf 90' lang='lat' dir='ltr'><strong>locum.</strong></span> <span class='ocrx_word' id='word_1_108' title='bbox 1101 1278 1240 1343; x_wconf 86' lang='lat' dir='ltr'><strong>Atqui</strong></span> <span class='ocrx_word' id='word_1_109' title='bbox 1275 1280 1326 1325; x_wconf 93' lang='lat' dir='ltr'><strong>L.</strong></span> <span class='ocrx_word' id='word_1_110' title='bbox 1354 1277 1576 1325; x_wconf 88' lang='lat' dir='ltr'><strong>Domitius</strong></span> <span class='ocrx_word' id='word_1_111' title='bbox 1601 1277 1649 1325; x_wconf 88' lang='lat' dir='ltr'><strong>in</strong></span> 
     </span>
     <span class='ocr_line' id='line_1_15' title="bbox 242 1352 1647 1420; baseline 0.001 -21"><span class='ocrx_word' id='word_1_112' title='bbox 242 1353 333 1400; x_wconf 87' lang='lat' dir='ltr'><strong>acie</strong></span> <span class='ocrx_word' id='word_1_113' title='bbox 358 1352 603 1401; x_wconf 84' lang='lat' dir='ltr'><strong>Pharsalica</strong></span> <span class='ocrx_word' id='word_1_114' title='bbox 619 1391 630 1410; x_wconf 95' lang='lat'><strong>,</strong></span> <span class='ocrx_word' id='word_1_115' title='bbox 654 1372 770 1401; x_wconf 88' lang='lat' dir='ltr'><strong>anno</strong></span> <span class='ocrx_word' id='word_1_116' title='bbox 795 1355 850 1401; x_wconf 88' lang='lat' dir='ltr'><strong>U.</strong></span> <span class='ocrx_word' id='word_1_117' title='bbox 874 1354 923 1401; x_wconf 86' lang='lat' dir='ltr'><strong>C.</strong></span> <span class='ocrx_word' id='word_1_118' title='bbox 943 1366 1105 1411; x_wconf 87' lang='lat' dir='ltr'><strong>DCCVI,</strong></span> <span class='ocrx_word' id='word_1_119' title='bbox 1130 1353 1275 1402; x_wconf 83' lang='lat' dir='ltr'><strong>adulta</strong></span> <span class='ocrx_word' id='word_1_120' title='bbox 1294 1366 1463 1411; x_wconf 76' lang='lat' dir='ltr'><strong>aestate,</strong></span> <span class='ocrx_word' id='word_1_121' title='bbox 1488 1353 1647 1420; x_wconf 87' lang='lat' dir='ltr'><strong>periit;</strong></span> 
     </span>
     <span class='ocr_line' id='line_1_16' title="bbox 241 1425 1648 1495; baseline 0.001 -19"><span class='ocrx_word' id='word_1_122' title='bbox 241 1448 330 1495; x_wconf 91' lang='lat' dir='ltr'><strong>quo</strong></span> <span class='ocrx_word' id='word_1_123' title='bbox 354 1441 549 1495; x_wconf 86' lang='lat' dir='ltr'><strong>tempore</strong></span> <span class='ocrx_word' id='word_1_124' title='bbox 570 1430 800 1491; x_wconf 86' lang='lat' dir='ltr'><strong>Augustus</strong></span> <span class='ocrx_word' id='word_1_125' title='bbox 819 1449 979 1478; x_wconf 90' lang='lat' dir='ltr'><strong>anuum</strong></span> <span class='ocrx_word' id='word_1_126' title='bbox 998 1430 1155 1492; x_wconf 86' lang='lat' dir='ltr'><strong>agebat</strong></span> <span class='ocrx_word' id='word_1_127' title='bbox 1180 1429 1233 1476; x_wconf 69' lang='lat'><strong>1⁴5</strong></span> <span class='ocrx_word' id='word_1_128' title='bbox 1248 1467 1259 1487; x_wconf 97' lang='lat'><strong>,</strong></span> <span class='ocrx_word' id='word_1_129' title='bbox 1285 1449 1422 1495; x_wconf 90' lang='lat' dir='ltr'><strong>quum</strong></span> <span class='ocrx_word' id='word_1_130' title='bbox 1443 1425 1557 1477; x_wconf 91' lang='lat' dir='ltr'><strong>esset</strong></span> <span class='ocrx_word' id='word_1_131' title='bbox 1579 1429 1648 1478; x_wconf 89' lang='lat' dir='ltr'><strong>die</strong></span> 
     </span>
     <span class='ocr_line' id='line_1_17' title="bbox 238 1506 1649 1573; baseline 0.001 -19"><span class='ocrx_word' id='word_1_132' title='bbox 238 1507 301 1555; x_wconf 84' lang='lat'><strong>23</strong></span> <span class='ocrx_word' id='word_1_133' title='bbox 321 1507 589 1573; x_wconf 87' lang='lat' dir='ltr'><strong>Septembris</strong></span> <span class='ocrx_word' id='word_1_134' title='bbox 603 1507 792 1556; x_wconf 88' lang='lat' dir='ltr'><strong>initurus</strong></span> <span class='ocrx_word' id='word_1_135' title='bbox 813 1506 867 1553; x_wconf 84' lang='lat'><strong>16</strong></span> <span class='ocrx_word' id='word_1_136' title='bbox 882 1527 1057 1555; x_wconf 89' lang='lat' dir='ltr'><strong>annum.</strong></span> <span class='ocrx_word' id='word_1_137' title='bbox 1082 1507 1224 1569; x_wconf 86' lang='lat' dir='ltr'><strong>Igitur</strong></span> <span class='ocrx_word' id='word_1_138' title='bbox 1238 1507 1384 1573; x_wconf 89' lang='lat' dir='ltr'><strong>potuit</strong></span> <span class='ocrx_word' id='word_1_139' title='bbox 1401 1518 1500 1555; x_wconf 88' lang='lat' dir='ltr'><strong>ante</strong></span> <span class='ocrx_word' id='word_1_140' title='bbox 1518 1507 1649 1572; x_wconf 91' lang='lat' dir='ltr'><strong>hujus</strong></span> 
     </span>
     <span class='ocr_line' id='line_1_18' title="bbox 239 1583 1651 1650; baseline -0.001 -18"><span class='ocrx_word' id='word_1_141' title='bbox 239 1584 341 1632; x_wconf 88' lang='lat' dir='ltr'><strong>anni</strong></span> <span class='ocrx_word' id='word_1_142' title='bbox 373 1584 428 1630; x_wconf 79' lang='lat'><strong>16</strong></span> <span class='ocrx_word' id='word_1_143' title='bbox 450 1585 715 1650; x_wconf 86' lang='lat' dir='ltr'><strong>principium</strong></span> <span class='ocrx_word' id='word_1_144' title='bbox 740 1597 885 1647; x_wconf 82' lang='lat' dir='ltr'><strong>togam</strong></span> <span class='ocrx_word' id='word_1_145' title='bbox 907 1585 1085 1633; x_wconf 87' lang='lat' dir='ltr'><strong>induere</strong></span> <span class='ocrx_word' id='word_1_146' title='bbox 1110 1604 1291 1650; x_wconf 60' lang='lat' dir='ltr'><strong>puram„</strong></span> <span class='ocrx_word' id='word_1_147' title='bbox 1318 1591 1381 1631; x_wconf 88' lang='lat'><strong>2⁰.</strong></span> <span class='ocrx_word' id='word_1_148' title='bbox 1420 1583 1651 1649; x_wconf 80' lang='lat' dir='ltr'><strong>Quadrien-</strong></span> 
     </span>
     <span class='ocr_line' id='line_1_19' title="bbox 238 1660 1651 1726; baseline 0 -19"><span class='ocrx_word' id='word_1_149' title='bbox 238 1661 347 1708; x_wconf 84' lang='lat' dir='ltr'><strong>nium</strong></span> <span class='ocrx_word' id='word_1_150' title='bbox 373 1660 482 1708; x_wconf 85' lang='lat' dir='ltr'><strong>illud</strong></span> <span class='ocrx_word' id='word_1_151' title='bbox 495 1698 506 1717; x_wconf 97' lang='lat'><strong>,</strong></span> <span class='ocrx_word' id='word_1_152' title='bbox 534 1673 635 1726; x_wconf 91' lang='lat' dir='ltr'><strong>post</strong></span> <span class='ocrx_word' id='word_1_153' title='bbox 651 1661 786 1709; x_wconf 68' lang='lat' dir='ltr'><strong>Jultae</strong></span> <span class='ocrx_word' id='word_1_154' title='bbox 801 1673 983 1710; x_wconf 88' lang='lat' dir='ltr'><strong>mortem</strong></span> <span class='ocrx_word' id='word_1_155' title='bbox 1004 1662 1215 1710; x_wconf 90' lang='lat' dir='ltr'><strong>Suetonio</strong></span> <span class='ocrx_word' id='word_1_156' title='bbox 1234 1673 1529 1718; x_wconf 86' lang='lat' dir='ltr'><strong>numeratum,</strong></span> <span class='ocrx_word' id='word_1_157' title='bbox 1555 1679 1651 1708; x_wconf 92' lang='lat' dir='ltr'><strong>om-</strong></span> 
     </span>
     <span class='ocr_line' id='line_1_20' title="bbox 237 1737 1651 1804; baseline -0.001 -19"><span class='ocrx_word' id='word_1_158' title='bbox 237 1738 346 1785; x_wconf 91' lang='lat' dir='ltr'><strong>nino</strong></span> <span class='ocrx_word' id='word_1_159' title='bbox 382 1738 553 1785; x_wconf 86' lang='lat' dir='ltr'><strong>videtur</strong></span> <span class='ocrx_word' id='word_1_160' title='bbox 591 1738 646 1785; x_wconf 83' lang='lat' dir='ltr'><strong>ad</strong></span> <span class='ocrx_word' id='word_1_161' title='bbox 685 1751 856 1804; x_wconf 84' lang='lat' dir='ltr'><strong>tempus</strong></span> <span class='ocrx_word' id='word_1_162' title='bbox 888 1750 1111 1804; x_wconf 84' lang='lat' dir='ltr'><strong>spectare,</strong></span> <span class='ocrx_word' id='word_1_163' title='bbox 1155 1758 1243 1804; x_wconf 92' lang='lat' dir='ltr'><strong>quo</strong></span> <span class='ocrx_word' id='word_1_164' title='bbox 1275 1738 1389 1786; x_wconf 83' lang='lat' dir='ltr'><strong>donis</strong></span> <span class='ocrx_word' id='word_1_165' title='bbox 1416 1737 1651 1785; x_wconf 75' lang='lat' dir='ltr'><strong>milae&#39;tan&#39;bus</strong></span> 
     </span>
     <span class='ocr_line' id='line_1_21' title="bbox 238 1812 1647 1879; baseline -0.001 -19"><span class='ocrx_word' id='word_1_166' title='bbox 238 1813 469 1874; x_wconf 86' lang='lat' dir='ltr'><strong>Augustus</strong></span> <span class='ocrx_word' id='word_1_167' title='bbox 495 1814 579 1860; x_wconf 85' lang='lat' dir='ltr'><strong>fuit</strong></span> <span class='ocrx_word' id='word_1_168' title='bbox 600 1813 783 1861; x_wconf 79' lang='lat' dir='ltr'><strong>donatus.</strong></span> <span class='ocrx_word' id='word_1_169' title='bbox 810 1813 965 1862; x_wconf 88' lang='lat' dir='ltr'><strong>Noluit</strong></span> <span class='ocrx_word' id='word_1_170' title='bbox 986 1833 1141 1879; x_wconf 88' lang='lat' dir='ltr'><strong>nempe</strong></span> <span class='ocrx_word' id='word_1_171' title='bbox 1170 1812 1405 1861; x_wconf 89' lang='lat' dir='ltr'><strong>Suetonius</strong></span> <span class='ocrx_word' id='word_1_172' title='bbox 1428 1812 1617 1859; x_wconf 85' lang='lat' dir='ltr'><strong>indicare</strong></span> <span class='ocrx_word' id='word_1_173' title='bbox 1635 1848 1647 1868; x_wconf 96' lang='lat'><strong>,</strong></span> 
     </span>
     <span class='ocr_line' id='line_1_22' title="bbox 240 1887 1650 1956; baseline -0.002 -18"><span class='ocrx_word' id='word_1_174' title='bbox 240 1910 328 1956; x_wconf 93' lang='lat' dir='ltr'><strong>quo</strong></span> <span class='ocrx_word' id='word_1_175' title='bbox 354 1891 493 1938; x_wconf 85' lang='lat' dir='ltr'><strong>aetatis</strong></span> <span class='ocrx_word' id='word_1_176' title='bbox 519 1910 634 1938; x_wconf 85' lang='lat' dir='ltr'><strong>anno</strong></span> <span class='ocrx_word' id='word_1_177' title='bbox 667 1889 741 1938; x_wconf 89' lang='lat' dir='ltr'><strong>ille</strong></span> <span class='ocrx_word' id='word_1_178' title='bbox 772 1891 883 1938; x_wconf 90' lang='lat' dir='ltr'><strong>hanc</strong></span> <span class='ocrx_word' id='word_1_179' title='bbox 915 1890 1070 1939; x_wconf 87' lang='lat' dir='ltr'><strong>sumsit</strong></span> <span class='ocrx_word' id='word_1_180' title='bbox 1099 1903 1270 1952; x_wconf 85' lang='lat' dir='ltr'><strong>togam,</strong></span> <span class='ocrx_word' id='word_1_181' title='bbox 1296 1890 1372 1938; x_wconf 87' lang='lat' dir='ltr'><strong>sed</strong></span> <span class='ocrx_word' id='word_1_182' title='bbox 1393 1908 1482 1954; x_wconf 94' lang='lat' dir='ltr'><strong>quo</strong></span> <span class='ocrx_word' id='word_1_183' title='bbox 1503 1887 1650 1936; x_wconf 88' lang='lat' dir='ltr'><strong>Julius</strong></span> 
     </span>
     <span class='ocr_line' id='line_1_23' title="bbox 240 1966 1652 2034; baseline -0.001 -18"><span class='ocrx_word' id='word_1_184' title='bbox 240 1987 339 2016; x_wconf 88' lang='lat' dir='ltr'><strong>eum</strong></span> <span class='ocrx_word' id='word_1_185' title='bbox 363 1968 492 2016; x_wconf 87' lang='lat' dir='ltr'><strong>donis</strong></span> <span class='ocrx_word' id='word_1_186' title='bbox 519 1967 783 2016; x_wconf 87' lang='lat' dir='ltr'><strong>militaribus</strong></span> <span class='ocrx_word' id='word_1_187' title='bbox 803 1969 996 2024; x_wconf 86' lang='lat' dir='ltr'><strong>ornavit;</strong></span> <span class='ocrx_word' id='word_1_188' title='bbox 1020 1968 1166 2034; x_wconf 90' lang='lat' dir='ltr'><strong>sicque</strong></span> <span class='ocrx_word' id='word_1_189' title='bbox 1188 1966 1564 2034; x_wconf 86' lang='lat' dir='ltr'><strong>interpungendus</strong></span> <span class='ocrx_word' id='word_1_190' title='bbox 1586 1978 1652 2016; x_wconf 88' lang='lat' dir='ltr'><strong>est</strong></span> 
     </span>
     <span class='ocr_line' id='line_1_24' title="bbox 240 2043 1650 2111; baseline -0.002 -18"><span class='ocrx_word' id='word_1_191' title='bbox 240 2045 331 2110; x_wconf 88' lang='lat' dir='ltr'><strong>ejus</strong></span> <span class='ocrx_word' id='word_1_192' title='bbox 363 2057 507 2093; x_wconf 87' lang='lat' dir='ltr'><strong>textus</strong></span> <span class='ocrx_word' id='word_1_193' title='bbox 542 2066 552 2093; x_wconf 72' lang='grc' dir='ltr'>ε</span> <span class='ocrx_word' id='word_1_194' title='bbox 589 2045 872 2111; x_wconf 81' lang='lat' dir='ltr'><strong>Quadriennio</strong></span> <span class='ocrx_word' id='word_1_195' title='bbox 895 2055 1012 2110; x_wconf 84' lang='lat' dir='ltr'><strong>post,</strong></span> <span class='ocrx_word' id='word_1_196' title='bbox 1040 2045 1155 2092; x_wconf 76' lang='lat' dir='ltr'><strong>virili</strong></span> <span class='ocrx_word' id='word_1_197' title='bbox 1171 2055 1263 2109; x_wconf 73' lang='lat' dir='ltr'><strong>toga</strong></span> <span class='ocrx_word' id='word_1_198' title='bbox 1284 2053 1438 2099; x_wconf 80' lang='lat' dir='ltr'><strong>sumta,</strong></span> <span class='ocrx_word' id='word_1_199' title='bbox 1467 2043 1650 2091; x_wconf 78' lang='lat' dir='ltr'><strong>militari-</strong></span> 
     </span>
     <span class='ocr_line' id='line_1_25' title="bbox 236 2118 1650 2187; baseline 0.001 -16"><span class='ocrx_word' id='word_1_200' title='bbox 236 2123 312 2171; x_wconf 82' lang='lat' dir='ltr'><strong>bus</strong></span> <span class='ocrx_word' id='word_1_201' title='bbox 342 2135 421 2170; x_wconf 88' lang='lat' dir='ltr'><strong>etc.</strong></span> <span class='ocrx_word' id='word_1_202' title='bbox 441 2118 443 2121; x_wconf 49' lang='grc'>’</span> <span class='ocrx_word' id='word_1_203' title='bbox 464 2123 634 2171; x_wconf 89' lang='lat' dir='ltr'><strong>Passim</strong></span> <span class='ocrx_word' id='word_1_204' title='bbox 666 2123 905 2172; x_wconf 88' lang='lat' dir='ltr'><strong>historicus</strong></span> <span class='ocrx_word' id='word_1_205' title='bbox 926 2121 999 2170; x_wconf 89' lang='lat' dir='ltr'><strong>ille</strong></span> <span class='ocrx_word' id='word_1_206' title='bbox 1031 2122 1177 2170; x_wconf 87' lang='lat' dir='ltr'><strong>eadem</strong></span> <span class='ocrx_word' id='word_1_207' title='bbox 1202 2121 1353 2187; x_wconf 86' lang='lat' dir='ltr'><strong>phrasi</strong></span> <span class='ocrx_word' id='word_1_208' title='bbox 1373 2121 1500 2187; x_wconf 88' lang='lat' dir='ltr'><strong>plura</strong></span> <span class='ocrx_word' id='word_1_209' title='bbox 1523 2120 1650 2172; x_wconf 89' lang='lat' dir='ltr'><strong>simul</strong></span> 
     </span>
     <span class='ocr_line' id='line_1_26' title="bbox 237 2197 1649 2266; baseline 0 -20"><span class='ocrx_word' id='word_1_210' title='bbox 237 2199 404 2264; x_wconf 82' lang='lat' dir='ltr'><strong>jungit,</strong></span> <span class='ocrx_word' id='word_1_211' title='bbox 431 2218 526 2264; x_wconf 89' lang='lat' dir='ltr'><strong>quae</strong></span> <span class='ocrx_word' id='word_1_212' title='bbox 547 2199 654 2247; x_wconf 88' lang='lat' dir='ltr'><strong>varii</strong></span> <span class='ocrx_word' id='word_1_213' title='bbox 687 2210 790 2246; x_wconf 88' lang='lat' dir='ltr'><strong>sunt</strong></span> <span class='ocrx_word' id='word_1_214' title='bbox 822 2199 1043 2266; x_wconf 88' lang='lat' dir='ltr'><strong>temporis.</strong></span> <span class='ocrx_word' id='word_1_215' title='bbox 1089 2199 1223 2262; x_wconf 84' lang='lat' dir='ltr'><strong>Quod</strong></span> <span class='ocrx_word' id='word_1_216' title='bbox 1259 2198 1295 2247; x_wconf 90' lang='lat' dir='ltr'><strong>si</strong></span> <span class='ocrx_word' id='word_1_217' title='bbox 1332 2198 1513 2246; x_wconf 86' lang='lat' dir='ltr'><strong>eruditis</strong></span> <span class='ocrx_word' id='word_1_218' title='bbox 1546 2197 1649 2246; x_wconf 87' lang='lat' dir='ltr'><strong>viris</strong></span> 
     </span>
     <span class='ocr_line' id='line_1_27' title="bbox 239 2273 1648 2333; baseline -0.001 -9"><span class='ocrx_word' id='word_1_219' title='bbox 239 2276 582 2324; x_wconf 86' lang='lat' dir='ltr'><strong>animadversum</strong></span> <span class='ocrx_word' id='word_1_220' title='bbox 598 2275 780 2333; x_wconf 88' lang='lat' dir='ltr'><strong>suisset,</strong></span> <span class='ocrx_word' id='word_1_221' title='bbox 797 2276 904 2324; x_wconf 89' lang='lat' dir='ltr'><strong>alias</strong></span> <span class='ocrx_word' id='word_1_222' title='bbox 922 2276 1045 2324; x_wconf 89' lang='lat' dir='ltr'><strong>facile</strong></span> <span class='ocrx_word' id='word_1_223' title='bbox 1062 2276 1346 2324; x_wconf 87' lang='lat' dir='ltr'><strong>removissent</strong></span> <span class='ocrx_word' id='word_1_224' title='bbox 1360 2273 1648 2332; x_wconf 85' lang='lat' dir='ltr'><strong>difficultates,</strong></span> 
     </span>
     <span class='ocr_line' id='line_1_28' title="bbox 240 2352 1650 2420; baseline -0.001 -18"><span class='ocrx_word' id='word_1_225' title='bbox 240 2354 404 2420; x_wconf 89' lang='lat' dir='ltr'><strong>quibus</strong></span> <span class='ocrx_word' id='word_1_226' title='bbox 429 2354 699 2410; x_wconf 80' lang='lat' dir='ltr'><strong>cruciantur3</strong></span> <span class='ocrx_word' id='word_1_227' title='bbox 734 2365 786 2401; x_wconf 89' lang='lat' dir='ltr'><strong>ut</strong></span> <span class='ocrx_word' id='word_1_228' title='bbox 808 2353 979 2420; x_wconf 86' lang='lat' dir='ltr'><strong>aliquot</strong></span> <span class='ocrx_word' id='word_1_229' title='bbox 1001 2352 1208 2419; x_wconf 83' lang='lat' dir='ltr'><strong>exemplis</strong></span> <span class='ocrx_word' id='word_1_230' title='bbox 1231 2353 1622 2400; x_wconf 88' lang='lat' dir='ltr'><strong>demonstraremus</strong></span> <span class='ocrx_word' id='word_1_231' title='bbox 1638 2389 1650 2409; x_wconf 93' lang='lat'><strong>,</strong></span> 
     </span>
     <span class='ocr_line' id='line_1_29' title="bbox 239 2431 797 2498; baseline -0.004 -18"><span class='ocrx_word' id='word_1_232' title='bbox 239 2432 277 2480; x_wconf 89' lang='lat' dir='ltr'><strong>si</strong></span> <span class='ocrx_word' id='word_1_233' title='bbox 300 2431 423 2480; x_wconf 87' lang='lat' dir='ltr'><strong>locus</strong></span> <span class='ocrx_word' id='word_1_234' title='bbox 446 2432 489 2479; x_wconf 86' lang='lat' dir='ltr'><strong>id</strong></span> <span class='ocrx_word' id='word_1_235' title='bbox 515 2431 797 2498; x_wconf 85' lang='lat' dir='ltr'><strong>permitteret.</strong></span> 
     </span>
    </p>

    <p class='ocr_par' dir='ltr' id='par_1_4' title="bbox 238 2503 1648 2803">
     <span class='ocr_line' id='line_1_30' title="bbox 303 2503 1646 2573; baseline -0.002 -19"><span class='ocrx_word' id='word_1_236' title='bbox 303 2507 470 2554; x_wconf 86' lang='lat' dir='ltr'><strong>Idcirco</strong></span> <span class='ocrx_word' id='word_1_237' title='bbox 504 2526 583 2573; x_wconf 87' lang='lat' dir='ltr'><strong>per</strong></span> <span class='ocrx_word' id='word_1_238' title='bbox 613 2507 874 2555; x_wconf 89' lang='lat' dir='ltr'><strong>Suetonium</strong></span> <span class='ocrx_word' id='word_1_239' title='bbox 891 2506 1001 2554; x_wconf 88' lang='lat' dir='ltr'><strong>nihil</strong></span> <span class='ocrx_word' id='word_1_240' title='bbox 1020 2507 1186 2564; x_wconf 87' lang='lat' dir='ltr'><strong>obstat,</strong></span> <span class='ocrx_word' id='word_1_241' title='bbox 1212 2505 1448 2572; x_wconf 90' lang='lat' dir='ltr'><strong>quominus</strong></span> <span class='ocrx_word' id='word_1_242' title='bbox 1472 2523 1571 2552; x_wconf 90' lang='lat' dir='ltr'><strong>cum</strong></span> <span class='ocrx_word' id='word_1_243' title='bbox 1594 2503 1646 2551; x_wconf 88' lang='lat' dir='ltr'><strong>cl.</strong></span> 
     </span>
     <span class='ocr_line' id='line_1_31' title="bbox 239 2578 1648 2643; baseline -0.001 -15"><span class='ocrx_word' id='word_1_244' title='bbox 239 2581 368 2640; x_wconf 83' lang='lat' dir='ltr'><strong>viris,</strong></span> <span class='ocrx_word' id='word_1_245' title='bbox 398 2581 574 2630; x_wconf 84' lang='lat' dir='ltr'><strong>Valesio</strong></span> <span class='ocrx_word' id='word_1_246' title='bbox 597 2602 645 2631; x_wconf 88' lang='lat' dir='ltr'><strong>ac</strong></span> <span class='ocrx_word' id='word_1_247' title='bbox 665 2581 900 2634; x_wconf 84' lang='lat' dir='ltr'><strong>Dodwello</strong></span> <span class='ocrx_word' id='word_1_248' title='bbox 923 2600 1194 2639; x_wconf 89' lang='lat' dir='ltr'><strong>censeamus,</strong></span> <span class='ocrx_word' id='word_1_249' title='bbox 1227 2593 1373 2643; x_wconf 85' lang='lat' dir='ltr'><strong>togam</strong></span> <span class='ocrx_word' id='word_1_250' title='bbox 1404 2579 1569 2628; x_wconf 88' lang='lat' dir='ltr'><strong>virilem</strong></span> <span class='ocrx_word' id='word_1_251' title='bbox 1593 2578 1648 2627; x_wconf 89' lang='lat' dir='ltr'><strong>ab</strong></span> 
     </span>
     <span class='ocr_line' id='line_1_32' title="bbox 239 2659 1646 2727; baseline -0.001 -21"><span class='ocrx_word' id='word_1_252' title='bbox 239 2662 443 2722; x_wconf 84' lang='lat' dir='ltr'><strong>Augusto</strong></span> <span class='ocrx_word' id='word_1_253' title='bbox 473 2673 659 2709; x_wconf 87' lang='lat' dir='ltr'><strong>sumtam</strong></span> <span class='ocrx_word' id='word_1_254' title='bbox 676 2698 688 2719; x_wconf 97' lang='lat'><strong>,</strong></span> <span class='ocrx_word' id='word_1_255' title='bbox 722 2679 858 2727; x_wconf 90' lang='lat' dir='ltr'><strong>quum</strong></span> <span class='ocrx_word' id='word_1_256' title='bbox 890 2662 945 2721; x_wconf 69' lang='lat'><strong>14</strong></span> <span class='ocrx_word' id='word_1_257' title='bbox 969 2660 1105 2710; x_wconf 84' lang='lat' dir='ltr'><strong>aetatis</strong></span> <span class='ocrx_word' id='word_1_258' title='bbox 1130 2678 1269 2707; x_wconf 88' lang='lat' dir='ltr'><strong>annus</strong></span> <span class='ocrx_word' id='word_1_259' title='bbox 1285 2659 1374 2724; x_wconf 89' lang='lat' dir='ltr'><strong>jam</strong></span> <span class='ocrx_word' id='word_1_260' title='bbox 1397 2670 1508 2707; x_wconf 88' lang='lat' dir='ltr'><strong>esset</strong></span> <span class='ocrx_word' id='word_1_261' title='bbox 1532 2676 1646 2705; x_wconf 89' lang='lat' dir='ltr'><strong>com-</strong></span> 
     </span>
     <span class='ocr_line' id='line_1_33' title="bbox 238 2727 1647 2803; baseline -0.002 -19"><span class='ocrx_word' id='word_1_262' title='bbox 238 2736 404 2802; x_wconf 88' lang='lat' dir='ltr'><strong>pletus,</strong></span> <span class='ocrx_word' id='word_1_263' title='bbox 430 2756 478 2786; x_wconf 87' lang='lat' dir='ltr'><strong>ac</strong></span> <span class='ocrx_word' id='word_1_264' title='bbox 506 2737 560 2784; x_wconf 87' lang='lat'><strong>15</strong></span> <span class='ocrx_word' id='word_1_265' title='bbox 583 2737 815 2786; x_wconf 89' lang='lat' dir='ltr'><strong>laberetur.</strong></span> <span class='ocrx_word' id='word_1_266' title='bbox 841 2740 907 2786; x_wconf 86' lang='lat' dir='ltr'><strong>Ea</strong></span> <span class='ocrx_word' id='word_1_267' title='bbox 928 2750 1040 2786; x_wconf 87' lang='lat' dir='ltr'><strong>certe</strong></span> <span class='ocrx_word' id='word_1_268' title='bbox 1065 2749 1187 2786; x_wconf 85' lang='lat' dir='ltr'><strong>aetate</strong></span> <span class='ocrx_word' id='word_1_269' title='bbox 1208 2727 1394 2803; x_wconf 87' lang='lat' dir='ltr'><strong>ipsemet</strong></span> <span class='ocrx_word' id='word_1_270' title='bbox 1415 2734 1647 2802; x_wconf 88' lang='lat' dir='ltr'><strong>nepotibus</strong></span> 
     </span>
    </p>
   </div>
  </div>
 </body>
</html>
