1794 3100
267 234 355 295 492
607 236 913 279 NOTITIA
949 235 1344 280 LITERARIA

264 327 497 368 Alessandro
516 328 581 367 de’
602 328 779 368 Bindonz‘.
817 327 932 369 1508.
956 329 1080 370 in-fol.
1106 353 1160 361 -
1174 330 1265 371 Sine
1283 329 1402 371 dubio
1420 344 1466 371 ex
1487 331 1546 371 ed.
1569 329 1685 388 1497.

265 393 436 444 repetita.

896 471 1040 527 71513.

318 553 372 591 La
390 552 562 604 Epistola
581 553 619 592 di
635 553 777 595 ovidio
796 554 834 593 di
853 555 955 596 Saffo
975 571 995 597 a
1016 558 1143 597 Faone
1162 555 1330 597 tradotto
1354 556 1399 597 da
1421 555 1573 608 Filippo
1591 556 1684 604 Pel-⁴

219 661 224 668 ι
262 618 428 672 lenegra.
463 642 517 649 —
545 618 704 673 Legitur
732 619 774 658 in
810 621 908 661 calce
940 622 1114 662 Timonis
1136 623 1292 663 Luciani
1326 637 1348 663 a
1380 623 1534 664 Matheo
1567 623 1684 665 Maria

262 684 440 739 Boyardo
462 686 591 725 ltalice
612 686 722 726 versi.
747 686 784 724 V
782 694 876 726 enet.
902 687 1016 727 1513.
1036 688 1162 728 in-80.

858 799 867 804 <w
920 771 1034 815 1515.

316 855 489 906 Epistole
504 856 564 896 del
581 856 829 897 famosissimo
841 858 984 898 ovidio
998 859 1167 912 vulgare,
1179 859 1220 898 in
1233 868 1361 900 octava
1373 860 1682 903 rimalnstoriato

261 912 357 971 (pet
374 923 577 962 Domenico
596 924 645 962 da
662 917 928 974 Montlccelloj
951 939 1047 965 nova
1064 933 1216 978 stampa.
1233 926 1283 964 In
1295 924 1382 976 fine
1400 941 1413 964 .-
1437 943 1457 960 «ι
1474 925 1683 967 Finiscono

262 988 298 1026 le
321 989 494 1039 Epistole
517 991 562 1029 de
584 990 835 1031 famosissimo
857 999 1011 1030 auctore
1034 990 1176 1032 ovidio
1203 990 1243 1031 in
1264 991 1356 1030 rima
1384 1005 1451 1045 per
1470 991 1637 1046 vulgare.
1655 1011 1676 1029 n

262 1056 470 1105 lmpressus
494 1056 701 1096 Mediolani
723 1071 789 1110 per
810 1059 975 1098 Zanotto
1002 1058 1046 1097 da
1071 1052 1317 1098 Castelliono.
1339 1060 1395 1098 M.
1417 1060 1463 1097 V.
1485 1060 1572 1099 XV.
1593 1062 1681 1114 (sic)

262 1121 335 1160 Die
352 1133 419 1161 xx.
438 1122 655 1162 novembre.
671 1122 795 1171 in-40.
1403 1141 1405 1146 ‘

911 1211 1026 1266 1517.

313 1290 455 1330 ovidio
477 1292 830 1345 Metamorphoseos
850 1301 918 1332 etc.
940 1297 987 1333 In
1003 1295 1185 1342 Venezia,
1209 1308 1276 1344 per
1301 1294 1474 1349 Georgio
1495 1292 1554 1334 de’
1574 1295 1681 1335 Rus-

257 1359 345 1398 coni
362 1357 449 1397 nell'
463 1373 562 1398 anno
582 1359 667 1398 dell'
684 1361 927 1400 Incarnazion
945 1361 982 1400 di
999 1363 1050 1401 N.
1072 1362 1112 1400 S.
1130 1364 1169 1401 J.
1191 1361 1348 1400 Christo
1369 1359 1484 1416 1517.
1501 1362 1538 1410 A
1556 1362 1594 1402 di
1613 1377 1678 1403 20.

256 1424 316 1462 del
338 1438 439 1463 mese
462 1424 500 1463 di
519 1425 683 1478 maggio.
707 1424 843 1464 in-fol.

912 1513 1025 1568 1519.

309 1592 452 1632 ovidio
468 1593 822 1643 Metamorphoseos
839 1601 910 1633 etc.
928 1594 974 1632 In
988 1595 1159 1642 Milone,
1179 1592 1427 1645 nell'osficina
1435 1594 1677 1634 Minuziana.

254 1655 384 1696 in-fol.
406 1670 480 1696 con
495 1657 627 1712 figure.

308 1726 362 1763 Le
383 1725 684 1778 Metamorphosi
706 1725 745 1763 in
767 1734 864 1764 terza
881 1725 974 1764 rima
992 1739 1059 1775 per
1080 1726 1253 1765 Lorenzo
1273 1725 1417 1776 Spirito
1437 1726 1481 1765 da
1498 1726 1673 1782 Perugia.

256 1790 417 1841 Perugt'a
431 1820 444 1838 ,
477 1805 547 1842 per
575 1791 764 1829 Gz‘rolamo
791 1791 833 1829 di
852 1792 1063 1829 Francesco
1097 1789 1289 1830 Cartolaro
1317 1806 1336 1829 e
1370 1792 1582 1831 Bianchino
1611 1793 1679 1832 dal

255 1855 380 1894 Lz'one.
403 1854 523 1894 in-80.
549 1871 581 1895 c.
603 1856 667 1910 fig.

904 1943 1019 1984 1520.

307 2031 351 2068 P.
375 2030 516 2070 Ovidio
537 2030 891 2084 Metamorphoseos
922 2031 1074 2085 vulgare
1104 2034 1197 2086 (per
1233 2033 1319 2071 Gz‘o.
1344 2034 1389 2072 de
1421 2034 1672 2086 Bonsignore)

253 2105 503 2137 nuovamente
532 2105 738 2150 stampato,
770 2097 1076 2152 diligentemente
1104 2108 1278 2140 correcto
1309 2108 1348 2139 et
1376 2100 1588 2140 historiam.
1618 2102 1671 2141 In

243 2161 330 2213 fine
347 2178 359 2200 .·
381 2181 400 2197 «
422 2162 459 2200 A
482 2164 630 2203 honore
659 2163 696 2202 di
721 2163 799 2203 Dio
823 2171 860 2204 et
882 2164 976 2204 della
997 2165 1163 2219 gloriosa
1184 2166 1353 2220 Vergine
1376 2167 1505 2205 Maria.
1526 2167 1671 2207 Finisse

253 2228 291 2268 lo
308 2228 450 2269 ovidio
468 2230 819 2280 Metamorphoseos
834 2230 997 2286 vulgare.
1016 2248 1036 2265 »
1056 2232 1319 2272 Nuovamente
1334 2241 1516 2284 stampato
1532 2233 1573 2272 in
1592 2233 1672 2272 Mi-

251 2295 338 2335 lano
362 2312 429 2350 per
454 2298 593 2336 Rocho
618 2305 656 2335 et
677 2297 838 2337 Fratello
856 2298 901 2336 de
922 2298 1025 2337 Valle
1043 2298 1090 2336 ad
1113 2298 1284 2338 instantia
1304 2299 1342 2338 di
1363 2300 1508 2339 Messer
1529 2298 1670 2339 Nicolo
1702 2340 1707 2346 ,

255 2361 300 2399 (13
316 2361 562 2415 Gorgonzola
578 2361 665 2400 nell'
681 2376 780 2401 anno
796 2364 964 2401 MDXX.
989 2362 1026 2401 A
1041 2363 1078 2402 di
1096 2374 1194 2402 xxx.
1210 2363 1248 2402 di
1266 2364 1431 2418 Agosto.
1449 2363 1588 2404 in-fol.

905 2447 1018 2487 1522.

308 2531 451 2571 Ovidio
474 2531 826 2585 Metamorphoseos
848 2539 915 2570 etc.
939 2534 1012 2583 (ut
1037 2533 1176 2586 supra)
1208 2533 1258 2571 In
1272 2531 1358 2583 fine
1377 2548 1389 2570 .-
1415 2550 1434 2567 «
1463 2531 1501 2570 A
1521 2533 1669 2572 honore

254 2605 325 2636 etc.
345 2598 491 2637 Finisse
514 2598 552 2638 lo
576 2598 718 2639 ovidio
739 2598 889 2653 vulgare
911 2605 1135 2639 novamente
1158 2606 1338 2648 stampato
1358 2598 1398 2636 in
1422 2598 1577 2637 Venetia
1602 2613 1670 2651 per

256 2663 428 2717 Georgio
453 2664 498 2702 de
522 2663 696 2702 Rusconi
720 2678 728 2701 ε
754 2662 816 2702 nel
844 2678 942 2703 anno
964 2663 1008 2702 de
1029 2665 1060 2702 la
1083 2663 1338 2703 incarnatione
1360 2663 1418 2702 del
1442 2672 1575 2703 nostro
1599 2662 1667 2701 Si-

252 2743 372 2782 gnore
386 2731 480 2769 Jesu
497 2729 666 2769 Christo.
684 2730 739 2768 M.
759 2731 807 2770 D.
830 2731 961 2770 XXII.
983 2729 1020 2769 A
1036 2730 1074 2770 di
1094 2741 1133 2769 x.
1158 2729 1218 2773 del
1240 2745 1341 2770 mese
1356 2730 1401 2770 de
1416 2731 1575 2769 Zenaro.
1592 2730 1666 2767 Im-
