<?xml version="1.0" encoding="UTF-8"?>
<!DOCTYPE html PUBLIC "-//W3C//DTD XHTML 1.0 Transitional//EN"
    "http://www.w3.org/TR/xhtml1/DTD/xhtml1-transitional.dtd">
<html xmlns="http://www.w3.org/1999/xhtml" xml:lang="en" lang="en">
 <head>
  <title>
</title>
<meta http-equiv="Content-Type" content="text/html;charset=utf-8" />
  <meta name='ocr-system' content='tesseract 3.04.00' />
  <meta name='ocr-capabilities' content='ocr_page ocr_carea ocr_par ocr_line ocrx_word'/>
</head>
<body>
  <div class='ocr_page' id='page_1' title='image "./quaeextantomniao08oviduoft_0378.png"; bbox 0 0 1794 3100; ppageno 0'>
   <div class='ocr_carea' id='block_1_1' title="bbox 261 254 1674 409">
    <p class='ocr_par' dir='ltr' id='par_1_1' title="bbox 261 254 1674 409">
     <span class='ocr_line' id='line_1_1' title="bbox 263 254 1337 303; baseline 0.004 -4"><span class='ocrx_word' id='word_1_1' title='bbox 263 254 350 299; x_wconf 87' lang='lat'>368</span> <span class='ocrx_word' id='word_1_2' title='bbox 601 255 912 300; x_wconf 89' lang='lat' dir='ltr'><strong>NOTITIA</strong></span> <span class='ocrx_word' id='word_1_3' title='bbox 942 257 1337 303; x_wconf 89' lang='lat' dir='ltr'>LITERARIA</span> 
     </span>
     <span class='ocr_line' id='line_1_2' title="bbox 261 347 1674 409; baseline 0.004 -19"><span class='ocrx_word' id='word_1_4' title='bbox 261 347 378 391; x_wconf 92' lang='lat' dir='ltr'>XIII</span> <span class='ocrx_word' id='word_1_5' title='bbox 389 379 403 400; x_wconf 91' lang='lat'><strong><em>,</em></strong></span> <span class='ocrx_word' id='word_1_6' title='bbox 439 347 738 409; x_wconf 88' lang='lat' dir='ltr'>Metamorph.</span> <span class='ocrx_word' id='word_1_7' title='bbox 776 351 984 409; x_wconf 82' lang='lat' dir='ltr'>expressit</span> <span class='ocrx_word' id='word_1_8' title='bbox 1012 351 1141 395; x_wconf 88' lang='lat' dir='ltr'>Vitus</span> <span class='ocrx_word' id='word_1_9' title='bbox 1172 350 1492 395; x_wconf 89' lang='lat' dir='ltr'>Amerbachius</span> <span class='ocrx_word' id='word_1_10' title='bbox 1532 367 1546 394; x_wconf 90' lang='lat'>1</span> <span class='ocrx_word' id='word_1_11' title='bbox 1555 351 1581 394; x_wconf 87' lang='lat'><em>5</em></span> <span class='ocrx_word' id='word_1_12' title='bbox 1585 349 1642 402; x_wconf 69' lang='lat'>45</span> <span class='ocrx_word' id='word_1_13' title='bbox 1661 385 1674 405; x_wconf 90' lang='lat'><em>‚</em></span> 
     </span>
    </p>
   </div>
   <div class='ocr_carea' id='block_1_2' title="bbox 259 417 1690 1687">
    <p class='ocr_par' dir='ltr' id='par_1_2' title="bbox 259 417 1682 767">
     <span class='ocr_line' id='line_1_3' title="bbox 260 417 1678 467; baseline 0.004 -6"><span class='ocrx_word' id='word_1_14' title='bbox 260 420 394 462; x_wconf 77' lang='lat' dir='ltr'>in-80.</span> <span class='ocrx_word' id='word_1_15' title='bbox 415 417 470 461; x_wconf 91' lang='lat' dir='ltr'>ad</span> <span class='ocrx_word' id='word_1_16' title='bbox 486 418 647 462; x_wconf 85' lang='lat' dir='ltr'>calcem</span> <span class='ocrx_word' id='word_1_17' title='bbox 669 421 956 464; x_wconf 86' lang='lat' dir='ltr'>enarrationis</span> <span class='ocrx_word' id='word_1_18' title='bbox 970 420 1126 464; x_wconf 85' lang='lat' dir='ltr'>libror.</span> <span class='ocrx_word' id='word_1_19' title='bbox 1151 424 1388 466; x_wconf 87' lang='lat' dir='ltr'>Tristium.</span> <span class='ocrx_word' id='word_1_20' title='bbox 1409 422 1678 467; x_wconf 71' lang='lat' dir='ltr'>christianas</span> 
     </span>
     <span class='ocr_line' id='line_1_4' title="bbox 260 491 1682 552; baseline 0.004 -17"><span class='ocrx_word' id='word_1_21' title='bbox 260 491 639 551; x_wconf 82' lang='lat' dir='ltr'><strong>Metamorphoses</strong></span> <span class='ocrx_word' id='word_1_22' title='bbox 653 493 865 552; x_wconf 83' lang='lat' dir='ltr'><strong>scripsere</strong></span> <span class='ocrx_word' id='word_1_23' title='bbox 882 510 892 536; x_wconf 93' lang='lat'><strong>:</strong></span> <span class='ocrx_word' id='word_1_24' title='bbox 912 494 1069 536; x_wconf 83' lang='lat' dir='ltr'><em>Latine</em></span> <span class='ocrx_word' id='word_1_25' title='bbox 1080 492 1204 536; x_wconf 88' lang='lat' dir='ltr'>Frid.</span> <span class='ocrx_word' id='word_1_26' title='bbox 1219 493 1524 544; x_wconf 86' lang='lat' dir='ltr'>Dedekindus,</span> <span class='ocrx_word' id='word_1_27' title='bbox 1543 495 1682 540; x_wconf 82' lang='lat' dir='ltr'>Smal-</span> 
     </span>
     <span class='ocr_line' id='line_1_5' title="bbox 259 562 1675 618; baseline 0.004 -11"><span class='ocrx_word' id='word_1_28' title='bbox 259 562 439 616; x_wconf 87' lang='lat' dir='ltr'>kaldiae,</span> <span class='ocrx_word' id='word_1_29' title='bbox 472 563 606 616; x_wconf 89' lang='lat'><strong><em>1565,</em></strong></span> <span class='ocrx_word' id='word_1_30' title='bbox 638 565 703 606; x_wconf 87' lang='lat' dir='ltr'>in·</span> <span class='ocrx_word' id='word_1_31' title='bbox 686 565 765 607; x_wconf 89' lang='lat'><strong>-⁰.8</strong></span> <span class='ocrx_word' id='word_1_32' title='bbox 801 563 984 618; x_wconf 78' lang='lat' dir='ltr'>Gallice,</span> <span class='ocrx_word' id='word_1_33' title='bbox 1007 565 1182 611; x_wconf 73' lang='lat' dir='ltr'>Scevole</span> <span class='ocrx_word' id='word_1_34' title='bbox 1210 565 1266 609; x_wconf 88' lang='lat' dir='ltr'>de</span> <span class='ocrx_word' id='word_1_35' title='bbox 1293 567 1675 618; x_wconf 69' lang='lat' dir='ltr'>sainte-Martha,</span> 
     </span>
     <span class='ocr_line' id='line_1_6' title="bbox 261 635 1676 696; baseline 0.004 -16"><span class='ocrx_word' id='word_1_36' title='bbox 261 638 399 680; x_wconf 88' lang='lat' dir='ltr'>Paris.</span> <span class='ocrx_word' id='word_1_37' title='bbox 450 637 563 696; x_wconf 84' lang='lat'>1579</span> <span class='ocrx_word' id='word_1_38' title='bbox 576 669 589 689; x_wconf 93' lang='lat'><strong><em>,</em></strong></span> <span class='ocrx_word' id='word_1_39' title='bbox 631 635 765 691; x_wconf 63' lang='lat' dir='ltr'>in-zi‘.</span> <span class='ocrx_word' id='word_1_40' title='bbox 803 636 979 696; x_wconf 73' lang='lat' dir='ltr'>Belgice</span> <span class='ocrx_word' id='word_1_41' title='bbox 990 670 1004 691; x_wconf 91' lang='lat'><em>‚</em></span> <span class='ocrx_word' id='word_1_42' title='bbox 1040 638 1068 681; x_wconf 89' lang='lat' dir='ltr'><strong>J</strong></span> <span class='ocrx_word' id='word_1_43' title='bbox 1070 638 1142 681; x_wconf 86' lang='lat' dir='ltr'>oh</span> <span class='ocrx_word' id='word_1_44' title='bbox 1181 637 1469 682; x_wconf 90' lang='lat' dir='ltr'>Haselbekius</span> <span class='ocrx_word' id='word_1_45' title='bbox 1481 672 1495 693; x_wconf 90' lang='lat'>‚</span> <span class='ocrx_word' id='word_1_46' title='bbox 1532 640 1676 686; x_wconf 80' lang='lat' dir='ltr'>Amst.</span> 
     </span>
     <span class='ocr_line' id='line_1_7' title="bbox 270 705 1395 767; baseline 0.002 -18"><span class='ocrx_word' id='word_1_47' title='bbox 270 707 404 767; x_wconf 83' lang='lat'><strong>1637,</strong></span> <span class='ocrx_word' id='word_1_48' title='bbox 432 709 494 749; x_wconf 93' lang='lat' dir='ltr'>in·</span> <span class='ocrx_word' id='word_1_49' title='bbox 479 705 558 760; x_wconf 71' lang='lat'>-4⁰</span> <span class='ocrx_word' id='word_1_50' title='bbox 1393 746 1395 748; x_wconf 67' lang='grc'><strong>,</strong></span> 
     </span>
    </p>

    <p class='ocr_par' dir='ltr' id='par_1_3' title="bbox 263 778 1690 1687">
     <span class='ocr_line' id='line_1_8' title="bbox 321 778 1681 840; baseline 0.003 -18"><span class='ocrx_word' id='word_1_51' title='bbox 321 778 808 823; x_wconf 65' lang='lat' dir='ltr'>VLFastorum=lib1³i</span> <span class='ocrx_word' id='word_1_52' title='bbox 821 795 904 823; x_wconf 76' lang='lat' dir='ltr'>sex</span> <span class='ocrx_word' id='word_1_53' title='bbox 912 782 1102 840; x_wconf 80' lang='lat' dir='ltr'><em>priores,</em></span> <span class='ocrx_word' id='word_1_54' title='bbox 1124 779 1331 837; x_wconf 86' lang='lat' dir='ltr'>(totidem</span> <span class='ocrx_word' id='word_1_55' title='bbox 1342 783 1557 825; x_wconf 88' lang='lat' dir='ltr'>mensium</span> <span class='ocrx_word' id='word_1_56' title='bbox 1573 782 1681 826; x_wconf 84' lang='lat' dir='ltr'>festa</span> 
     </span>
     <span class='ocr_line' id='line_1_9' title="bbox 264 851 1677 914; baseline 0.004 -22"><span class='ocrx_word' id='word_1_57' title='bbox 264 858 309 892; x_wconf 86' lang='lat' dir='ltr'>et</span> <span class='ocrx_word' id='word_1_58' title='bbox 324 852 515 893; x_wconf 84' lang='lat' dir='ltr'>rationes</span> <span class='ocrx_word' id='word_1_59' title='bbox 534 867 556 894; x_wconf 93' lang='lat' dir='ltr'>e</span> <span class='ocrx_word' id='word_1_60' title='bbox 573 853 895 894; x_wconf 84' lang='lat' dir='ltr'>commentariis</span> <span class='ocrx_word' id='word_1_61' title='bbox 913 851 1180 895; x_wconf 87' lang='lat' dir='ltr'><strong>Pontificum</strong></span> <span class='ocrx_word' id='word_1_62' title='bbox 1196 854 1403 912; x_wconf 87' lang='lat' dir='ltr'>repetitas</span> <span class='ocrx_word' id='word_1_63' title='bbox 1423 853 1677 914; x_wconf 86' lang='lat' dir='ltr'>complexi),</span> 
     </span>
     <span class='ocr_line' id='line_1_10' title="bbox 264 920 1683 984; baseline 0.003 -20"><span class='ocrx_word' id='word_1_64' title='bbox 264 923 340 981; x_wconf 88' lang='lat' dir='ltr'>qui</span> <span class='ocrx_word' id='word_1_65' title='bbox 358 922 438 965; x_wconf 90' lang='lat' dir='ltr'>soli</span> <span class='ocrx_word' id='word_1_66' title='bbox 458 938 508 964; x_wconf 86' lang='lat' dir='ltr'>ex</span> <span class='ocrx_word' id='word_1_67' title='bbox 525 920 759 965; x_wconf 78' lang='lat' dir='ltr'>duodecim</span> <span class='ocrx_word' id='word_1_68' title='bbox 775 930 946 965; x_wconf 86' lang='lat' dir='ltr'>aetatem</span> <span class='ocrx_word' id='word_1_69' title='bbox 961 922 1161 966; x_wconf 87' lang='lat' dir='ltr'>tulerunt</span> <span class='ocrx_word' id='word_1_70' title='bbox 1172 956 1185 976; x_wconf 93' lang='lat'>,</span> <span class='ocrx_word' id='word_1_71' title='bbox 1206 925 1405 984; x_wconf 88' lang='lat' dir='ltr'>inscripti</span> <span class='ocrx_word' id='word_1_72' title='bbox 1420 923 1683 968; x_wconf 83' lang='lat' dir='ltr'>Germanico</span> 
     </span>
     <span class='ocr_line' id='line_1_11' title="bbox 264 993 1680 1056; baseline 0.001 -18"><span class='ocrx_word' id='word_1_73' title='bbox 264 994 422 1038; x_wconf 83' lang='lat' dir='ltr'>Coesari</span> <span class='ocrx_word' id='word_1_74' title='bbox 436 1027 450 1047; x_wconf 90' lang='lat'><em>,</em></span> <span class='ocrx_word' id='word_1_75' title='bbox 479 993 676 1037; x_wconf 88' lang='lat' dir='ltr'>versibus</span> <span class='ocrx_word' id='word_1_76' title='bbox 698 994 845 1054; x_wconf 89' lang='lat' dir='ltr'>elegis.</span> <span class='ocrx_word' id='word_1_77' title='bbox 871 996 1197 1039; x_wconf 86' lang='lat' dir='ltr'>Commemorat</span> <span class='ocrx_word' id='word_1_78' title='bbox 1219 994 1408 1039; x_wconf 89' lang='lat' dir='ltr'>Ovidius</span> <span class='ocrx_word' id='word_1_79' title='bbox 1427 997 1519 1056; x_wconf 78' lang='lat' dir='ltr'>ipse</span> <span class='ocrx_word' id='word_1_80' title='bbox 1541 997 1680 1040; x_wconf 84' lang='lat' dir='ltr'>Trist.</span> 
     </span>
     <span class='ocr_line' id='line_1_12' title="bbox 263 1054 1680 1127; baseline 0.001 -17"><span class='ocrx_word' id='word_1_81' title='bbox 263 1067 334 1116; x_wconf 93' lang='lat' dir='ltr'>II,</span> <span class='ocrx_word' id='word_1_82' title='bbox 358 1065 462 1127; x_wconf 73' lang='lat'>5493</span> <span class='ocrx_word' id='word_1_83' title='bbox 483 1074 613 1126; x_wconf 84' lang='lat' dir='ltr'>atque</span> <span class='ocrx_word' id='word_1_84' title='bbox 632 1067 679 1108; x_wconf 92' lang='lat' dir='ltr'>in</span> <span class='ocrx_word' id='word_1_85' title='bbox 696 1067 844 1110; x_wconf 86' lang='lat' dir='ltr'>exsilio</span> <span class='ocrx_word' id='word_1_86' title='bbox 861 1084 884 1109; x_wconf 88' lang='lat' dir='ltr'>a</span> <span class='ocrx_word' id='word_1_87' title='bbox 899 1067 1070 1111; x_wconf 85' lang='lat' dir='ltr'>Nasone</span> <span class='ocrx_word' id='word_1_88' title='bbox 1085 1069 1322 1112; x_wconf 87' lang='lat' dir='ltr'>recensitos</span> <span class='ocrx_word' id='word_1_89' title='bbox 1338 1069 1509 1111; x_wconf 82' lang='lat' dir='ltr'>notavit</span> <span class='ocrx_word' id='word_1_90' title='bbox 1522 1054 1680 1112; x_wconf 65' lang='lat' dir='ltr'>Ezech.</span> 
     </span>
     <span class='ocr_line' id='line_1_13' title="bbox 265 1128 1690 1200; baseline 0.001 -18"><span class='ocrx_word' id='word_1_91' title='bbox 265 1137 693 1198; x_wconf 88' lang='lat' dir='ltr'>Spanhemius,libro</span> <span class='ocrx_word' id='word_1_92' title='bbox 710 1137 765 1181; x_wconf 89' lang='lat' dir='ltr'>de</span> <span class='ocrx_word' id='word_1_93' title='bbox 779 1139 874 1183; x_wconf 89' lang='lat' dir='ltr'>Usu</span> <span class='ocrx_word' id='word_1_94' title='bbox 883 1137 1208 1194; x_wconf 77' lang='lat' dir='ltr'>numismatum,</span> <span class='ocrx_word' id='word_1_95' title='bbox 1223 1156 1322 1200; x_wconf 87' lang='lat' dir='ltr'><strong>pag.</strong></span> <span class='ocrx_word' id='word_1_96' title='bbox 1338 1139 1443 1183; x_wconf 88' lang='lat'><strong>608.</strong></span> <span class='ocrx_word' id='word_1_97' title='bbox 1457 1128 1690 1184; x_wconf 35' lang='lat' dir='ltr'>Nicolaum*</span> 
     </span>
     <span class='ocr_line' id='line_1_14' title="bbox 266 1209 1686 1272; baseline 0.002 -20"><span class='ocrx_word' id='word_1_98' title='bbox 266 1209 450 1269; x_wconf 87' lang='lat' dir='ltr'>quidem</span> <span class='ocrx_word' id='word_1_99' title='bbox 467 1211 701 1253; x_wconf 90' lang='lat' dir='ltr'>Heinsium</span> <span class='ocrx_word' id='word_1_100' title='bbox 723 1213 899 1254; x_wconf 89' lang='lat' dir='ltr'>monuit</span> <span class='ocrx_word' id='word_1_101' title='bbox 915 1213 942 1254; x_wconf 88' lang='lat' dir='ltr'>J</span> <span class='ocrx_word' id='word_1_102' title='bbox 945 1228 985 1255; x_wconf 89' lang='lat' dir='ltr'>o.</span> <span class='ocrx_word' id='word_1_103' title='bbox 1006 1211 1131 1256; x_wconf 90' lang='lat' dir='ltr'>Frid.</span> <span class='ocrx_word' id='word_1_104' title='bbox 1156 1213 1428 1265; x_wconf 76' lang='lat' dir='ltr'>Gronovius,</span> <span class='ocrx_word' id='word_1_105' title='bbox 1447 1212 1686 1272; x_wconf 74' lang='lat' dir='ltr'>inspectam</span> 
     </span>
     <span class='ocr_line' id='line_1_15' title="bbox 265 1283 1686 1338; baseline 0.001 -13"><span class='ocrx_word' id='word_1_106' title='bbox 265 1283 350 1326; x_wconf 89' lang='lat' dir='ltr'>sibi</span> <span class='ocrx_word' id='word_1_107' title='bbox 364 1283 494 1326; x_wconf 87' lang='lat' dir='ltr'>fuisse</span> <span class='ocrx_word' id='word_1_108' title='bbox 508 1285 555 1326; x_wconf 92' lang='lat' dir='ltr'>in</span> <span class='ocrx_word' id='word_1_109' title='bbox 569 1284 731 1327; x_wconf 92' lang='lat' dir='ltr'>Norico</span> <span class='ocrx_word' id='word_1_110' title='bbox 747 1293 964 1327; x_wconf 87' lang='lat' dir='ltr'>vetustam</span> <span class='ocrx_word' id='word_1_111' title='bbox 978 1286 1160 1329; x_wconf 87' lang='lat' dir='ltr'>Nasonis</span> <span class='ocrx_word' id='word_1_112' title='bbox 1175 1284 1413 1328; x_wconf 89' lang='lat' dir='ltr'>editionem</span> <span class='ocrx_word' id='word_1_113' title='bbox 1425 1317 1438 1338; x_wconf 92' lang='lat'><strong><em>,</em></strong></span> <span class='ocrx_word' id='word_1_114' title='bbox 1457 1286 1526 1328; x_wconf 90' lang='lat' dir='ltr'>cui</span> <span class='ocrx_word' id='word_1_115' title='bbox 1541 1284 1686 1330; x_wconf 87' lang='lat' dir='ltr'>Celtes</span> 
     </span>
     <span class='ocr_line' id='line_1_16' title="bbox 267 1356 1688 1417; baseline 0.001 -19"><span class='ocrx_word' id='word_1_116' title='bbox 267 1356 491 1399; x_wconf 83' lang='lat' dir='ltr'>Protacius</span> <span class='ocrx_word' id='word_1_117' title='bbox 505 1387 519 1408; x_wconf 92' lang='lat'>,</span> <span class='ocrx_word' id='word_1_118' title='bbox 556 1356 631 1414; x_wconf 89' lang='lat' dir='ltr'>qui</span> <span class='ocrx_word' id='word_1_119' title='bbox 653 1357 822 1415; x_wconf 89' lang='lat' dir='ltr'>primus</span> <span class='ocrx_word' id='word_1_120' title='bbox 842 1365 942 1416; x_wconf 88' lang='lat' dir='ltr'>post</span> <span class='ocrx_word' id='word_1_121' title='bbox 961 1366 1131 1400; x_wconf 82' lang='lat' dir='ltr'>renatas</span> <span class='ocrx_word' id='word_1_122' title='bbox 1154 1357 1300 1401; x_wconf 86' lang='lat' dir='ltr'>literas</span> <span class='ocrx_word' id='word_1_123' title='bbox 1318 1358 1470 1417; x_wconf 87' lang='lat' dir='ltr'>poesin</span> <span class='ocrx_word' id='word_1_124' title='bbox 1499 1359 1548 1400; x_wconf 94' lang='lat' dir='ltr'>in</span> <span class='ocrx_word' id='word_1_125' title='bbox 1562 1358 1688 1402; x_wconf 41' lang='lat' dir='ltr'>*Ger-</span> 
     </span>
     <span class='ocr_line' id='line_1_17' title="bbox 268 1427 1690 1489; baseline 0.001 -20"><span class='ocrx_word' id='word_1_126' title='bbox 268 1428 410 1469; x_wconf 88' lang='lat' dir='ltr'>mania</span> <span class='ocrx_word' id='word_1_127' title='bbox 438 1427 691 1470; x_wconf 86' lang='lat' dir='ltr'>instauravit</span> <span class='ocrx_word' id='word_1_128' title='bbox 706 1460 719 1480; x_wconf 91' lang='lat'><strong><em>,</em></strong></span> <span class='ocrx_word' id='word_1_129' title='bbox 740 1444 891 1481; x_wconf 51' lang='lat' dir='ltr'>¹manu</span> <span class='ocrx_word' id='word_1_130' title='bbox 919 1445 998 1472; x_wconf 90' lang='lat' dir='ltr'>sua</span> <span class='ocrx_word' id='word_1_131' title='bbox 1031 1428 1346 1489; x_wconf 89' lang='lat' dir='ltr'>adscripsisset,</span> <span class='ocrx_word' id='word_1_132' title='bbox 1383 1428 1578 1489; x_wconf 86' lang='lat' dir='ltr'>reliquos</span> <span class='ocrx_word' id='word_1_133' title='bbox 1614 1439 1690 1471; x_wconf 71' lang='lat' dir='ltr'>sex</span> 
     </span>
     <span class='ocr_line' id='line_1_18' title="bbox 268 1498 1688 1561; baseline 0.001 -20"><span class='ocrx_word' id='word_1_134' title='bbox 268 1498 501 1542; x_wconf 82' lang='lat' dir='ltr'>Fastorum</span> <span class='ocrx_word' id='word_1_135' title='bbox 520 1498 658 1542; x_wconf 85' lang='lat' dir='ltr'>libros</span> <span class='ocrx_word' id='word_1_136' title='bbox 677 1500 842 1542; x_wconf 87' lang='lat' dir='ltr'>servari</span> <span class='ocrx_word' id='word_1_137' title='bbox 864 1499 984 1559; x_wconf 87' lang='lat' dir='ltr'>apud</span> <span class='ocrx_word' id='word_1_138' title='bbox 1007 1501 1325 1561; x_wconf 85' lang='lat' dir='ltr'>Presbyterum</span> <span class='ocrx_word' id='word_1_139' title='bbox 1343 1502 1391 1543; x_wconf 92' lang='lat' dir='ltr'>in</span> <span class='ocrx_word' id='word_1_140' title='bbox 1407 1516 1519 1560; x_wconf 85' lang='lat' dir='ltr'>pago</span> <span class='ocrx_word' id='word_1_141' title='bbox 1547 1515 1688 1560; x_wconf 85' lang='lat' dir='ltr'>prope</span> 
     </span>
     <span class='ocr_line' id='line_1_19' title="bbox 270 1571 1689 1634; baseline 0.001 -20"><span class='ocrx_word' id='word_1_142' title='bbox 270 1571 470 1625; x_wconf 86' lang='lat' dir='ltr'>Ulmam,</span> <span class='ocrx_word' id='word_1_143' title='bbox 503 1573 864 1633; x_wconf 86' lang='lat' dir='ltr'>principiumque</span> <span class='ocrx_word' id='word_1_144' title='bbox 896 1575 1073 1634; x_wconf 88' lang='lat' dir='ltr'>septimi</span> <span class='ocrx_word' id='word_1_145' title='bbox 1106 1574 1212 1618; x_wconf 89' lang='lat' dir='ltr'>libri</span> <span class='ocrx_word' id='word_1_146' title='bbox 1245 1575 1294 1617; x_wconf 89' lang='lat' dir='ltr'>in</span> <span class='ocrx_word' id='word_1_147' title='bbox 1321 1573 1398 1617; x_wconf 89' lang='lat' dir='ltr'>illo</span> <span class='ocrx_word' id='word_1_148' title='bbox 1430 1572 1581 1617; x_wconf 78' lang='lat' dir='ltr'>codice</span> <span class='ocrx_word' id='word_1_149' title='bbox 1601 1572 1689 1616; x_wconf 85' lang='lat' dir='ltr'>tale</span> 
     </span>
     <span class='ocr_line' id='line_1_20' title="bbox 273 1644 680 1687; baseline 0 -1"><span class='ocrx_word' id='word_1_150' title='bbox 273 1652 494 1687; x_wconf 86' lang='lat' dir='ltr'>exaratum</span> <span class='ocrx_word' id='word_1_151' title='bbox 514 1644 645 1687; x_wconf 89' lang='lat' dir='ltr'>fuisse</span> <span class='ocrx_word' id='word_1_152' title='bbox 670 1662 680 1687; x_wconf 76' lang='grc' dir='ltr'><strong><em>ε</em></strong></span> 
     </span>
    </p>
   </div>
   <div class='ocr_carea' id='block_1_3' title="bbox 493 1751 1367 1859">
    <p class='ocr_par' dir='ltr' id='par_1_4' title="bbox 493 1751 1367 1859">
     <span class='ocr_line' id='line_1_21' title="bbox 493 1751 1367 1799; baseline 0.006 -14"><span class='ocrx_word' id='word_1_153' title='bbox 493 1751 551 1786; x_wconf 91' lang='lat' dir='ltr'>Tu</span> <span class='ocrx_word' id='word_1_154' title='bbox 568 1764 707 1798; x_wconf 85' lang='lat' dir='ltr'>quoque</span> <span class='ocrx_word' id='word_1_155' title='bbox 723 1752 849 1787; x_wconf 82' lang='lat' dir='ltr'>mutati</span> <span class='ocrx_word' id='word_1_156' title='bbox 865 1765 981 1789; x_wconf 83' lang='lat' dir='ltr'>causas</span> <span class='ocrx_word' id='word_1_157' title='bbox 1000 1760 1036 1788; x_wconf 87' lang='lat' dir='ltr'>et</span> <span class='ocrx_word' id='word_1_158' title='bbox 1051 1755 1197 1790; x_wconf 87' lang='lat' dir='ltr'>nomina</span> <span class='ocrx_word' id='word_1_159' title='bbox 1212 1755 1340 1791; x_wconf 80' lang='lat' dir='ltr'>mensis</span> <span class='ocrx_word' id='word_1_160' title='bbox 1356 1781 1367 1799; x_wconf 88' lang='lat'>,</span> 
     </span>
     <span class='ocr_line' id='line_1_22' title="bbox 535 1813 1347 1859; baseline 0.002 -12"><span class='ocrx_word' id='word_1_161' title='bbox 535 1813 567 1847; x_wconf 87' lang='lat' dir='ltr'>A</span> <span class='ocrx_word' id='word_1_162' title='bbox 584 1820 617 1848; x_wconf 82' lang='lat' dir='ltr'>te</span> <span class='ocrx_word' id='word_1_163' title='bbox 633 1813 692 1858; x_wconf 90' lang='lat' dir='ltr'>qui</span> <span class='ocrx_word' id='word_1_164' title='bbox 710 1814 885 1859; x_wconf 83' lang='lat' dir='ltr'>sequitur,</span> <span class='ocrx_word' id='word_1_165' title='bbox 904 1814 1055 1850; x_wconf 84' lang='lat' dir='ltr'>maxime</span> <span class='ocrx_word' id='word_1_166' title='bbox 1075 1816 1193 1851; x_wconf 81' lang='lat' dir='ltr'>Caesar</span> <span class='ocrx_word' id='word_1_167' title='bbox 1205 1841 1214 1859; x_wconf 94' lang='lat'>,</span> <span class='ocrx_word' id='word_1_168' title='bbox 1231 1815 1347 1851; x_wconf 82' lang='lat' dir='ltr'>habes.</span> 
     </span>
    </p>
   </div>
   <div class='ocr_carea' id='block_1_4' title="bbox 271 1913 1705 2408">
    <p class='ocr_par' dir='ltr' id='par_1_5' title="bbox 271 1913 1705 2408">
     <span class='ocr_line' id='line_1_23' title="bbox 273 1913 1693 1976; baseline -0.003 -16"><span class='ocrx_word' id='word_1_169' title='bbox 273 1914 363 1960; x_wconf 87' lang='lat' dir='ltr'>Sed</span> <span class='ocrx_word' id='word_1_170' title='bbox 385 1916 567 1959; x_wconf 90' lang='lat' dir='ltr'>Heinsio</span> <span class='ocrx_word' id='word_1_171' title='bbox 585 1913 766 1958; x_wconf 87' lang='lat' dir='ltr'>videtur</span> <span class='ocrx_word' id='word_1_172' title='bbox 786 1915 932 1960; x_wconf 83' lang='lat' dir='ltr'>Celtes</span> <span class='ocrx_word' id='word_1_173' title='bbox 954 1915 1009 1959; x_wconf 89' lang='lat' dir='ltr'>ab</span> <span class='ocrx_word' id='word_1_174' title='bbox 1029 1916 1175 1976; x_wconf 84' lang='lat' dir='ltr'>aliquo</span> <span class='ocrx_word' id='word_1_175' title='bbox 1193 1915 1429 1975; x_wconf 84' lang='lat' dir='ltr'>deceptus,</span> <span class='ocrx_word' id='word_1_176' title='bbox 1456 1915 1532 1975; x_wconf 84' lang='lat' dir='ltr'>qui</span> <span class='ocrx_word' id='word_1_177' title='bbox 1551 1915 1693 1958; x_wconf 85' lang='lat' dir='ltr'>visum</span> 
     </span>
     <span class='ocr_line' id='line_1_24' title="bbox 271 1985 1690 2047; baseline -0.001 -17"><span class='ocrx_word' id='word_1_178' title='bbox 271 1987 358 2030; x_wconf 87' lang='lat' dir='ltr'>sibi</span> <span class='ocrx_word' id='word_1_179' title='bbox 393 1996 526 2047; x_wconf 80' lang='lat' dir='ltr'>atque</span> <span class='ocrx_word' id='word_1_180' title='bbox 559 1989 812 2047; x_wconf 88' lang='lat' dir='ltr'>inspectum</span> <span class='ocrx_word' id='word_1_181' title='bbox 846 1986 1150 2043; x_wconf 78' lang='lat' dir='ltr'>hujuscemodi</span> <span class='ocrx_word' id='word_1_182' title='bbox 1187 1986 1383 2031; x_wconf 87' lang='lat' dir='ltr'>codicem</span> <span class='ocrx_word' id='word_1_183' title='bbox 1420 1985 1690 2029; x_wconf 74' lang='lat' dir='ltr'>affirmasset.</span> 
     </span>
     <span class='ocr_line' id='line_1_25' title="bbox 273 2056 1694 2120; baseline -0.003 -17"><span class='ocrx_word' id='word_1_184' title='bbox 273 2061 386 2103; x_wconf 88' lang='lat' dir='ltr'>Nam</span> <span class='ocrx_word' id='word_1_185' title='bbox 404 2061 656 2104; x_wconf 85' lang='lat' dir='ltr'>Lactantius</span> <span class='ocrx_word' id='word_1_186' title='bbox 678 2068 723 2102; x_wconf 89' lang='lat' dir='ltr'>et</span> <span class='ocrx_word' id='word_1_187' title='bbox 739 2058 814 2102; x_wconf 90' lang='lat' dir='ltr'>alii</span> <span class='ocrx_word' id='word_1_188' title='bbox 836 2068 1007 2103; x_wconf 89' lang='lat' dir='ltr'>veteres</span> <span class='ocrx_word' id='word_1_189' title='bbox 1029 2075 1166 2120; x_wconf 87' lang='lat' dir='ltr'>quum</span> <span class='ocrx_word' id='word_1_190' title='bbox 1185 2060 1322 2103; x_wconf 90' lang='lat' dir='ltr'>multa</span> <span class='ocrx_word' id='word_1_191' title='bbox 1344 2076 1367 2103; x_wconf 92' lang='lat' dir='ltr'>e</span> <span class='ocrx_word' id='word_1_192' title='bbox 1387 2059 1525 2103; x_wconf 81' lang='lat' dir='ltr'>Fastis</span> <span class='ocrx_word' id='word_1_193' title='bbox 1543 2056 1694 2103; x_wconf 89' lang='lat' dir='ltr'>Ovidii</span> 
     </span>
     <span class='ocr_line' id='line_1_26' title="bbox 273 2130 1705 2192; baseline -0.001 -17"><span class='ocrx_word' id='word_1_194' title='bbox 273 2131 500 2192; x_wconf 86' lang='lat' dir='ltr'>proferant</span> <span class='ocrx_word' id='word_1_195' title='bbox 515 2134 562 2174; x_wconf 91' lang='lat' dir='ltr'>in</span> <span class='ocrx_word' id='word_1_196' title='bbox 580 2131 798 2186; x_wconf 87' lang='lat' dir='ltr'>medium,</span> <span class='ocrx_word' id='word_1_197' title='bbox 823 2148 847 2175; x_wconf 93' lang='lat' dir='ltr'>e</span> <span class='ocrx_word' id='word_1_198' title='bbox 862 2131 990 2175; x_wconf 90' lang='lat' dir='ltr'>libris</span> <span class='ocrx_word' id='word_1_199' title='bbox 1009 2130 1253 2192; x_wconf 84' lang='lat' dir='ltr'>deperditis</span> <span class='ocrx_word' id='word_1_200' title='bbox 1271 2131 1384 2175; x_wconf 89' lang='lat' dir='ltr'>nihil</span> <span class='ocrx_word' id='word_1_201' title='bbox 1398 2147 1576 2192; x_wconf 88' lang='lat' dir='ltr'>prorsus</span> <span class='ocrx_word' id='word_1_202' title='bbox 1591 2145 1705 2191; x_wconf 70' lang='lat' dir='ltr'>pro-</span> 
     </span>
     <span class='ocr_line' id='line_1_27' title="bbox 275 2205 1696 2266; baseline 0.001 -19"><span class='ocrx_word' id='word_1_203' title='bbox 275 2205 457 2260; x_wconf 83' lang='lat' dir='ltr'>ducunt,</span> <span class='ocrx_word' id='word_1_204' title='bbox 475 2213 526 2248; x_wconf 90' lang='lat' dir='ltr'>ut</span> <span class='ocrx_word' id='word_1_205' title='bbox 544 2213 714 2249; x_wconf 86' lang='lat' dir='ltr'>certum</span> <span class='ocrx_word' id='word_1_206' title='bbox 729 2206 801 2259; x_wconf 81' lang='lat' dir='ltr'>sit,</span> <span class='ocrx_word' id='word_1_207' title='bbox 819 2205 1038 2265; x_wconf 88' lang='lat' dir='ltr'>reliquam</span> <span class='ocrx_word' id='word_1_208' title='bbox 1051 2206 1286 2249; x_wconf 85' lang='lat' dir='ltr'>Fastorum</span> <span class='ocrx_word' id='word_1_209' title='bbox 1300 2213 1473 2266; x_wconf 86' lang='lat' dir='ltr'>partem</span> <span class='ocrx_word' id='word_1_210' title='bbox 1489 2206 1576 2259; x_wconf 87' lang='lat' dir='ltr'>jam</span> <span class='ocrx_word' id='word_1_211' title='bbox 1595 2213 1696 2249; x_wconf 85' lang='lat' dir='ltr'>ante</span> 
     </span>
     <span class='ocr_line' id='line_1_28' title="bbox 275 2274 1698 2335; baseline 0 -17"><span class='ocrx_word' id='word_1_212' title='bbox 275 2275 414 2319; x_wconf 87' lang='lat' dir='ltr'>multa</span> <span class='ocrx_word' id='word_1_213' title='bbox 434 2274 578 2319; x_wconf 83' lang='lat' dir='ltr'>secula</span> <span class='ocrx_word' id='word_1_214' title='bbox 604 2274 896 2319; x_wconf 88' lang='lat' dir='ltr'>intercidisse.</span> <span class='ocrx_word' id='word_1_215' title='bbox 919 2277 1004 2319; x_wconf 88' lang='lat' dir='ltr'>Eos</span> <span class='ocrx_word' id='word_1_216' title='bbox 1028 2278 1159 2320; x_wconf 88' lang='lat' dir='ltr'>etiam</span> <span class='ocrx_word' id='word_1_217' title='bbox 1181 2277 1228 2318; x_wconf 92' lang='lat' dir='ltr'>in</span> <span class='ocrx_word' id='word_1_218' title='bbox 1250 2275 1366 2320; x_wconf 88' lang='lat' dir='ltr'>Bibl.</span> <span class='ocrx_word' id='word_1_219' title='bbox 1390 2276 1519 2335; x_wconf 86' lang='lat' dir='ltr'>Regis</span> <span class='ocrx_word' id='word_1_220' title='bbox 1543 2274 1698 2319; x_wconf 68' lang='lat' dir='ltr'>Gallim</span> 
     </span>
     <span class='ocr_line' id='line_1_29' title="bbox 279 2347 1698 2408; baseline -0.001 -17"><span class='ocrx_word' id='word_1_221' title='bbox 279 2356 443 2391; x_wconf 85' lang='lat' dir='ltr'>exstare</span> <span class='ocrx_word' id='word_1_222' title='bbox 463 2347 569 2391; x_wconf 88' lang='lat' dir='ltr'>falso</span> <span class='ocrx_word' id='word_1_223' title='bbox 590 2349 766 2408; x_wconf 87' lang='lat' dir='ltr'>scripsit</span> <span class='ocrx_word' id='word_1_224' title='bbox 782 2348 1003 2391; x_wconf 88' lang='lat' dir='ltr'>Antonius</span> <span class='ocrx_word' id='word_1_225' title='bbox 1021 2349 1303 2392; x_wconf 88' lang='lat' dir='ltr'>Constantius</span> <span class='ocrx_word' id='word_1_226' title='bbox 1320 2347 1375 2391; x_wconf 89' lang='lat' dir='ltr'>de</span> <span class='ocrx_word' id='word_1_227' title='bbox 1391 2348 1530 2391; x_wconf 83' lang='lat' dir='ltr'>Fano.</span> <span class='ocrx_word' id='word_1_228' title='bbox 1549 2348 1698 2408; x_wconf 80' lang='lat' dir='ltr'>Atque</span> 
     </span>
    </p>
   </div>
   <div class='ocr_carea' id='block_1_5' title="bbox 277 2472 1706 2685">
    <p class='ocr_par' dir='ltr' id='par_1_6' title="bbox 277 2472 1706 2685">
     <span class='ocr_line' id='line_1_30' title="bbox 320 2472 1700 2519; baseline 0 -12"><span class='ocrx_word' id='word_1_229' title='bbox 320 2474 334 2492; x_wconf 80' lang='lat'><em>¹</em></span> <span class='ocrx_word' id='word_1_230' title='bbox 359 2472 544 2518; x_wconf 85' lang='lat' dir='ltr'>Vignolius</span> <span class='ocrx_word' id='word_1_231' title='bbox 566 2473 762 2508; x_wconf 86' lang='lat' dir='ltr'>Marvillius</span> <span class='ocrx_word' id='word_1_232' title='bbox 783 2500 793 2517; x_wconf 95' lang='lat'><strong><em>‚</em></strong></span> <span class='ocrx_word' id='word_1_233' title='bbox 821 2481 906 2509; x_wconf 86' lang='lat' dir='ltr'>tom.</span> <span class='ocrx_word' id='word_1_234' title='bbox 930 2475 967 2510; x_wconf 90' lang='grc' dir='ltr'>ΙΙ</span> <span class='ocrx_word' id='word_1_235' title='bbox 1003 2473 1151 2510; x_wconf 85' lang='lat' dir='ltr'>Miscell.</span> <span class='ocrx_word' id='word_1_236' title='bbox 1168 2474 1261 2509; x_wconf 85' lang='lat' dir='ltr'>Hist.</span> <span class='ocrx_word' id='word_1_237' title='bbox 1290 2480 1326 2509; x_wconf 83' lang='lat' dir='ltr'>et</span> <span class='ocrx_word' id='word_1_238' title='bbox 1348 2473 1490 2508; x_wconf 80' lang='lat' dir='ltr'>Literat.</span> <span class='ocrx_word' id='word_1_239' title='bbox 1509 2486 1583 2519; x_wconf 83' lang='lat' dir='ltr'>pag.</span> <span class='ocrx_word' id='word_1_240' title='bbox 1611 2473 1700 2508; x_wconf 80' lang='lat'><strong>306:</strong></span> 
     </span>
     <span class='ocr_line' id='line_1_31' title="bbox 279 2527 1705 2576; baseline 0.001 -13"><span class='ocrx_word' id='word_1_241' title='bbox 279 2527 346 2563; x_wconf 83' lang='lat' dir='ltr'>Les</span> <span class='ocrx_word' id='word_1_242' title='bbox 363 2531 484 2565; x_wconf 85' lang='lat' dir='ltr'>Fastcs</span> <span class='ocrx_word' id='word_1_243' title='bbox 500 2530 648 2565; x_wconf 72' lang='lat' dir='ltr'>d’Om&#39;de</span> <span class='ocrx_word' id='word_1_244' title='bbox 667 2531 869 2576; x_wconf 75' lang='lat' dir='ltr'>renfhtment</span> <span class='ocrx_word' id='word_1_245' title='bbox 878 2533 960 2576; x_wconf 84' lang='lat' dir='ltr'>plus</span> <span class='ocrx_word' id='word_1_246' title='bbox 981 2533 1008 2564; x_wconf 89' lang='lat' dir='ltr'>d</span> <span class='ocrx_word' id='word_1_247' title='bbox 1011 2530 1185 2566; x_wconf 62' lang='lat' dir='ltr'>’dmdz‘lz&#39;on</span> <span class='ocrx_word' id='word_1_248' title='bbox 1203 2530 1368 2575; x_wconf 81' lang='lat' dir='ltr'>qu&#39;aucun</span> <span class='ocrx_word' id='word_1_249' title='bbox 1389 2535 1483 2565; x_wconf 80' lang='lat' dir='ltr'>autre</span> <span class='ocrx_word' id='word_1_250' title='bbox 1502 2542 1643 2574; x_wconf 64' lang='lat' dir='ltr'>ouvrage</span> <span class='ocrx_word' id='word_1_251' title='bbox 1663 2531 1705 2564; x_wconf 81' lang='lat' dir='ltr'>de</span> 
     </span>
     <span class='ocr_line' id='line_1_32' title="bbox 279 2581 1703 2630; baseline 0.001 -15"><span class='ocrx_word' id='word_1_252' title='bbox 279 2581 470 2628; x_wconf 76' lang='lat' dir='ltr'>I’antz‘quite&#39;</span> <span class='ocrx_word' id='word_1_253' title='bbox 486 2597 496 2618; x_wconf 90' lang='lat'><em>:</em></span> <span class='ocrx_word' id='word_1_254' title='bbox 511 2585 598 2619; x_wconf 85' lang='lat' dir='ltr'>c’est</span> <span class='ocrx_word' id='word_1_255' title='bbox 623 2587 656 2619; x_wconf 85' lang='lat' dir='ltr'>le</span> <span class='ocrx_word' id='word_1_256' title='bbox 678 2585 920 2630; x_wconf 70' lang='lat' dir='ltr'>chef-d&#39;aeuvre</span> <span class='ocrx_word' id='word_1_257' title='bbox 944 2586 986 2619; x_wconf 81' lang='lat' dir='ltr'>de</span> <span class='ocrx_word' id='word_1_258' title='bbox 1010 2597 1049 2618; x_wconf 84' lang='lat' dir='ltr'>ce</span> <span class='ocrx_word' id='word_1_259' title='bbox 1063 2588 1180 2629; x_wconf 70' lang='lat' dir='ltr'>poete,</span> <span class='ocrx_word' id='word_1_260' title='bbox 1206 2591 1241 2618; x_wconf 83' lang='lat' dir='ltr'>et</span> <span class='ocrx_word' id='word_1_261' title='bbox 1259 2596 1323 2618; x_wconf 82' lang='lat' dir='ltr'>une</span> <span class='ocrx_word' id='word_1_262' title='bbox 1342 2588 1456 2628; x_wconf 66' lang='lat' dir='ltr'>espece</span> <span class='ocrx_word' id='word_1_263' title='bbox 1483 2585 1526 2618; x_wconf 79' lang='lat' dir='ltr'>de</span> <span class='ocrx_word' id='word_1_264' title='bbox 1549 2584 1703 2617; x_wconf 62' lang='lat' dir='ltr'>deuotebn</span> 
     </span>
     <span class='ocr_line' id='line_1_33' title="bbox 277 2638 1706 2685; baseline 0.001 -16"><span class='ocrx_word' id='word_1_265' title='bbox 277 2649 442 2682; x_wconf 73' lang='lat' dir='ltr'>payenne,</span> <span class='ocrx_word' id='word_1_266' title='bbox 466 2639 625 2685; x_wconf 79' lang='lat' dir='ltr'>Scriptor</span> <span class='ocrx_word' id='word_1_267' title='bbox 643 2651 715 2676; x_wconf 83' lang='lat' dir='ltr'>x111</span> <span class='ocrx_word' id='word_1_268' title='bbox 740 2641 845 2676; x_wconf 85' lang='lat' dir='ltr'>seculi</span> <span class='ocrx_word' id='word_1_269' title='bbox 872 2640 916 2675; x_wconf 86' lang='lat' dir='ltr'>de</span> <span class='ocrx_word' id='word_1_270' title='bbox 934 2640 1146 2675; x_wconf 86' lang='lat' dir='ltr'>mirabilibus</span> <span class='ocrx_word' id='word_1_271' title='bbox 1169 2640 1313 2683; x_wconf 86' lang='lat' dir='ltr'>Romae,</span> <span class='ocrx_word' id='word_1_272' title='bbox 1342 2652 1447 2685; x_wconf 88' lang='lat' dir='ltr'>quem</span> <span class='ocrx_word' id='word_1_273' title='bbox 1472 2638 1580 2673; x_wconf 86' lang='lat' dir='ltr'>edidit</span> <span class='ocrx_word' id='word_1_274' title='bbox 1605 2639 1706 2672; x_wconf 77' lang='lat' dir='ltr'>Bem.</span> 
     </span>
    </p>
   </div>
   <div class='ocr_carea' id='block_1_6' title="bbox 279 2693 1704 2794">
    <p class='ocr_par' dir='ltr' id='par_1_7' title="bbox 279 2693 1704 2794">
     <span class='ocr_line' id='line_1_34' title="bbox 281 2693 1704 2744; baseline 0.001 -17"><span class='ocrx_word' id='word_1_275' title='bbox 281 2695 322 2727; x_wconf 85' lang='lat' dir='ltr'>de</span> <span class='ocrx_word' id='word_1_276' title='bbox 335 2693 558 2736; x_wconf 79' lang='lat' dir='ltr'>Montfaucon</span> <span class='ocrx_word' id='word_1_277' title='bbox 583 2697 620 2730; x_wconf 87' lang='lat' dir='ltr'>in</span> <span class='ocrx_word' id='word_1_278' title='bbox 648 2697 772 2732; x_wconf 85' lang='lat' dir='ltr'>Diario</span> <span class='ocrx_word' id='word_1_279' title='bbox 789 2697 926 2742; x_wconf 77' lang='lat' dir='ltr'>Italico,</span> <span class='ocrx_word' id='word_1_280' title='bbox 944 2710 1016 2742; x_wconf 85' lang='lat' dir='ltr'>cap.</span> <span class='ocrx_word' id='word_1_281' title='bbox 1035 2708 1100 2740; x_wconf 74' lang='lat' dir='ltr'>XX,</span> <span class='ocrx_word' id='word_1_282' title='bbox 1125 2710 1199 2742; x_wconf 82' lang='lat' dir='ltr'>pag.</span> <span class='ocrx_word' id='word_1_283' title='bbox 1219 2697 1283 2744; x_wconf 80' lang='lat'>293</span> <span class='ocrx_word' id='word_1_284' title='bbox 1296 2722 1306 2741; x_wconf 91' lang='lat'><em>‚</em></span> <span class='ocrx_word' id='word_1_285' title='bbox 1326 2695 1472 2742; x_wconf 85' lang='lat' dir='ltr'>appellat</span> <span class='ocrx_word' id='word_1_286' title='bbox 1494 2695 1704 2741; x_wconf 71' lang='lat' dir='ltr'>Martyrolo—</span> 
     </span>
     <span class='ocr_line' id='line_1_35' title="bbox 279 2750 695 2794; baseline 0.007 -11"><span class='ocrx_word' id='word_1_287' title='bbox 279 2752 368 2794; x_wconf 71' lang='lat' dir='ltr'>giam</span> <span class='ocrx_word' id='word_1_288' title='bbox 383 2750 498 2784; x_wconf 70' lang='lat' dir='ltr'>Ovidii</span> <span class='ocrx_word' id='word_1_289' title='bbox 515 2751 557 2783; x_wconf 83' lang='lat' dir='ltr'>de</span> <span class='ocrx_word' id='word_1_290' title='bbox 572 2751 695 2786; x_wconf 69' lang='lat' dir='ltr'>Fastis.</span> 
     </span>
    </p>
   </div>
  </div>
 </body>
</html>
