1794 3100
222 247 295 287 v522
761 238 1132 284 EXCURsth
1204 293 1207 295 ,

241 333 487 402 splendoris
509 344 724 389 assertor,
750 351 798 379 ac
821 332 963 380 omnis
987 331 1268 380 obscuritatis
1292 331 1534 381 illustrator
1549 370 1560 390 ,
1583 351 1654 382 ac-

242 413 451 461 clamatus
475 423 563 470 est,
588 411 654 458 uti
685 409 850 458 Paulus
872 410 1028 458 Jovius
1052 410 1099 458 in
1125 411 1218 475 ejus
1240 410 1400 473 Elogio
1423 410 1620 477 prodidit
1642 432 1651 459 z

239 508 318 538 nec
343 489 488 536 minus
510 505 608 535 vere
631 487 844 535 Henricus
871 487 1124 553 Stephanus
1145 487 1346 553 Epistola
1371 487 1427 535 ad
1456 487 1653 535 Ludovi-

239 586 335 615 cum
365 565 679 615 Castelvetrum
695 603 706 623 ‚
729 583 823 631 quae
842 565 1015 631 praefixa
1035 577 1101 614 est
1118 565 1299 614 editioni
1324 585 1411 615 suae
1433 565 1536 614 libri
1551 565 1652 614 Jani

239 641 460 691 Parrhasii
485 641 537 689 de
553 641 685 690 rebus
705 660 783 708 per
797 639 1025 707 epistolam
1042 641 1235 708 quaesitis
1251 680 1262 700 ‚
1301 665 1323 684 «
1343 643 1461 705 Age,
1484 641 1652 708 inquit,

241 743 265 764 »
293 733 342 768 tu
365 719 628 785 quicumque
652 717 858 766 Beroaldi
873 756 884 776 ‚
918 730 995 766 aut
1017 719 1204 768 Domitii
1229 719 1389 786 scripta
1410 737 1501 767 non
1523 718 1656 767 unius

243 820 267 840 2»
296 797 434 853 assis,
469 815 556 863 prae
592 796 645 844 iis
682 815 777 861 quae
806 794 939 843 hodie
961 796 1178 853 eduntur,
1210 796 1462 845 aestimanda
1495 807 1653 862 putas,

243 898 267 918 »
294 874 400 941 quid
414 873 505 921 sine
524 872 739 921 Beroaldo
755 910 765 929 ,
790 892 837 920 ac
857 873 1057 922 Domitio
1070 911 1081 931 ‚
1099 873 1283 940 aliisque
1298 873 1554 939 hujusmodi
1566 891 1657 921 ma-

243 975 266 995 »
297 949 444 1014 ssistris
477 950 608 998 scribi
645 950 699 997 ab
733 969 882 997 eorum
912 951 1102 1016 posteris
1125 951 1319 1016 potuisse
1348 951 1608 1000 arbitraris?
1632 974 1654 994 »

237 1030 391 1094 Neque
429 1028 541 1074 enim
580 1027 720 1075 solum
751 1027 977 1075 Domitius
1000 1027 1119 1075 hunc
1144 1026 1295 1075 Ovidii
1316 1026 1543 1086 libellum,
1582 1027 1659 1076 sed

243 1105 372 1153 etiam
394 1104 621 1152 Ciceronis
633 1102 858 1169 Epistolas
875 1141 886 1161 ,
904 1102 1153 1166 Martialem
1165 1142 1177 1162 ,
1191 1103 1442 1153 Juvenalem
1457 1138 1469 1162 ,
1488 1104 1661 1170 Papinii

239 1180 402 1237 Silvas,
428 1181 712 1237 Suetonium,
739 1192 782 1228 et
807 1181 1019 1247 quosdam
1044 1181 1155 1230 alios
1174 1182 1412 1247 scriptores
1429 1181 1655 1229 enarravit.

238 1258 443 1324 Denique
468 1270 535 1306 tot
555 1270 761 1323 tantaque
778 1258 940 1315 edidit,
965 1258 1105 1309 aiebat
1128 1259 1364 1322 Egnatius,
1392 1269 1503 1324 quot
1521 1276 1660 1324 quan-

240 1350 369 1403 taque
394 1337 441 1384 in
464 1337 548 1384 hoc
572 1355 728 1398 genere
753 1336 807 1384 ad
833 1336 944 1383 hanc
970 1336 1084 1385 diem
1106 1354 1250 1384 nemo.
1290 1337 1358 1383 Eo
1378 1335 1540 1384 factum
1562 1347 1655 1390 est,

237 1425 289 1461 ut
310 1414 485 1462 acerbas
509 1432 607 1460 cum
627 1411 791 1461 aemulis
816 1412 1057 1461 simultates
1077 1413 1317 1461 exercuerit
1331 1451 1342 1469 ‚
1367 1432 1390 1461 a
1407 1412 1570 1478 quibus
1588 1411 1660 1478 pi-

239 1490 402 1557 peratis
433 1489 620 1538 literulis
655 1490 912 1555 perstrictus
938 1490 1030 1557 ‘fuit
1051 1527 1063 1546 ,
1103 1490 1223 1555 quod
1247 1490 1331 1537 sibi
1366 1500 1659 1555 comparatam

238 1567 542 1616 auctoritatem
575 1567 759 1615 retinere
789 1567 939 1632 quavis
974 1567 1142 1615 ratione
1168 1579 1211 1615 et
1240 1579 1331 1615 arte
1355 1566 1659 1621 contenderet;

240 1655 372 1709 atque
406 1644 467 1691 ita
501 1642 663 1691 crudos
698 1643 862 1704 ingenii
894 1644 961 1690 sui
998 1643 1130 1691 foetus
1156 1642 1351 1691 emittere
1374 1635 1662 1699 coactus'sit,

245 1720 406 1785 quibus
431 1719 682 1785 provectior
705 1730 806 1767 aetas
827 1718 983 1784 procul
1008 1714 1146 1767 dubi'o
1175 1720 1465 1768 maturitatem
1492 1718 1662 1767 attulis-

243 1807 321 1844 set.
343 1795 523 1861 Quippe
542 1817 563 1836 «
579 1794 849 1843 auctoritatis
862 1807 947 1843 tam
963 1814 1127 1858 magnae
1139 1795 1223 1843 fuit
1237 1833 1249 1853 ‚
1269 1818 1291 1838 »
1309 1795 1454 1860 inquit
1464 1792 1660 1856 Angelus

240 1869 488 1917 Politiauus
507 1869 751 1917 Miscellan.
775 1888 868 1935 capt
891 1887 920 1934 9
934 1907 945 1928 ,
972 1893 993 1912 «
1017 1870 1069 1916 ut
1087 1871 1239 1917 Romae
1262 1870 1376 1918 inter
1391 1869 1660 1935 professores

246 1969 268 1988 »
295 1946 465 2011 juvenis
483 1946 624 1993 adhuc
646 1947 832 2012 primam
852 1946 1144 1994 celebritatem
1163 1946 1247 1995 sibi
1267 1946 1570 2003 vindicaverit,
1585 1965 1661 1993 cu—

245 2046 268 2065 »
294 2024 366 2087 jus
392 2022 560 2075 tuendae
581 2041 630 2069 ac
649 2023 884 2070 retinendae
904 2024 1042 2085 gratia
1060 2023 1222 2070 sactum
1245 2022 1511 2088 compluries
1533 2034 1660 2088 puta-

246 2123 267 2142 »
298 2119 422 2158 mus,
444 2112 494 2147 ut
524 2100 570 2146 in
601 2101 692 2148 suis
719 2101 930 2165 operibus
963 2099 1154 2159 frontem
1181 2099 1474 2165 perfricuerit,
1508 2112 1551 2147 et
1582 2118 1660 2166 per

244 2200 267 2220 »
296 2195 443 2242 aequa,
471 2195 549 2243 per
573 2177 726 2242 iniqua
750 2178 906 2224 famam
932 2189 1134 2243 captans,
1159 2195 1314 2243 parum
1341 2196 1391 2224 ex
1422 2176 1514 2225 fide
1539 2195 1660 2242 quae-

248 2275 270 2295 »
300 2252 416 2319 piam
449 2252 671 2311 retuleiit3
704 2252 915 2300 nonnulla
951 2253 1081 2300 etiam
1117 2252 1228 2300 male
1255 2250 1392 2300 solers
1423 2264 1466 2299 et
1490 2251 1661 2317 praesti-

246 2353 268 2371 »
300 2330 449 2392 giosus
474 2330 661 2395 speciem
685 2330 861 2395 quidem
884 2349 938 2396 pl
941 2349 1121 2378 imorem
1140 2330 1227 2379 veri
1249 2329 1477 2385 habentia,
1499 2347 1665 2391 magno

251 2428 271 2447 ›
302 2407 569 2455 credentium
590 2407 820 2473 dispendio
842 2408 1069 2455 sententiis
1092 2406 1412 2470 ignorabilibus
1437 2402 1662 2471 implicue-

247 2504 270 2525 »
302 2483 382 2540 rit,
403 2496 448 2531 et
462 2484 682 2549 pulverem
696 2521 708 2541 ,
724 2485 845 2549 quod
860 2485 1001 2542 aiunt,
1018 2485 1160 2533 oculis
1173 2484 1402 2542 offuderit3
1418 2496 1508 2541 aut,
1522 2483 1662 2531 sicubi

248 2579 270 2599 »
301 2559 437 2622 major
460 2559 695 2607 difficultas
717 2598 729 2618 ‚
755 2579 834 2607 nec
868 2560 1110 2618 absistens,
1133 2578 1212 2607 nec
1234 2559 1520 2621 congrediens
1541 2577 1663 2625 spem

246 2657 268 2678 »
296 2635 471 2684 lectoris
497 2636 686 2685 eluserit.
718 2640 803 2695 Ita,
831 2639 933 2686 dum
957 2640 1123 2687 nescire
1148 2657 1191 2686 se
1213 2637 1323 2684 nihil
1346 2638 1532 2711 probaqe
1551 2654 1663 2683 con-

247 2734 267 2754 »
296 2713 460 2770 tendit,
493 2714 620 2773 etiam
649 2714 820 2762 Parthis
841 2715 1074 2779 aliquoties
1095 2726 1138 2763 et
1171 2714 1456 2763 Cretensibus
1481 2713 1662 2762 menda-
