1794 3100
240 228 325 272 318
691 228 1218 274 DEDICATIONES

346 475 661 525 GEORGII
702 477 1125 527 BERSMANNI
1167 478 1564 527 DEDICATIO

703 624 791 673 ι[Ν
822 625 1053 661 FAsros
1072 651 1083 671 ,
1115 633 1179 662 etc.

782 774 1004 799 amrussmo
1017 774 1103 799 vmo
1113 791 1122 808 ‚

484 875 542 921 D.
588 877 1038 928 HIERONYMO
1061 879 1103 920 A
1140 877 1436 921 KANITZ.

307 1039 316 1048 .
332 1038 341 1048 .
357 1039 366 1048 .
389 1001 717 1064 QUAPROPTER
733 1022 869 1068 quum
889 1002 1105 1069 superiori
1117 1004 1313 1052 semestri
1327 1003 1372 1051 in
1388 1022 1661 1053 communem

237 1083 478 1147 juventutis
503 1083 772 1133 scholastica:
794 1103 922 1132 usum
940 1086 1171 1133 Maronem
1197 1084 1428 1134 edidissem
1444 1123 1455 1142 ‚
1476 1084 1661 1135 aliorum

240 1165 418 1230 partim,
441 1165 548 1214 meis
571 1185 747 1232 quoque
773 1166 953 1214 scholiis
976 1166 1448 1234 observationibusque
1468 1166 1663 1216 illustra-

242 1258 360 1305 tum,
384 1266 433 1294 ac
457 1247 615 1314 (quod
639 1247 730 1296 sine
752 1247 1008 1310 arrogantiae
1033 1248 1326 1297 ostentatione
1350 1269 1375 1299 a
1397 1268 1466 1297 me
1496 1249 1663 1298 dictum

240 1329 327 1389 sit)
347 1327 497 1382 multis
522 1329 566 1376 in
587 1329 695 1377 locis
714 1341 981 1387 correctum3
1004 1326 1350 1397 operaepretium
1363 1350 1431 1379 me
1445 1329 1663 1380 facturum

238 1411 414 1476 putavi,
440 1409 727 1476 periclitando
752 1410 868 1458 idem
890 1411 936 1458 in
963 1411 1152 1460 Nasonis
1173 1411 1374 1478 scriptis;
1398 1412 1444 1460 in
1468 1412 1630 1480 quibus
1649 1451 1660 1471 ‚

241 1492 278 1539 si
300 1511 391 1539 non
415 1503 584 1540 tantum
608 1491 903 1551 difficultatis,
922 1511 1013 1540 non
1038 1493 1185 1541 minus
1206 1493 1404 1560 profecto
1418 1531 1431 1552 ,
1463 1513 1594 1561 quam
1615 1493 1662 1542 in

240 1574 319 1622 illo
345 1574 605 1623 mendorum
622 1612 634 1632 ‚
661 1574 729 1623 vel
760 1573 985 1641 aliquanto
1011 1575 1140 1623 etiam
1163 1574 1350 1642 amplius
1380 1575 1659 1624 inveniretur.

240 1658 395 1723 Neque
413 1675 516 1704 vero
534 1656 589 1705 ab
611 1657 696 1705 hoc
718 1656 924 1705 instituto
948 1676 1016 1705 me
1039 1656 1343 1706 deterruerunt
1373 1656 1663 1724 quorumdam

243 1740 296 1787 de
327 1739 410 1787 hoc
433 1750 565 1805 poeta
584 1738 748 1804 judicia
770 1758 862 1787 non
890 1738 1128 1788 admodum
1150 1739 1413 1796 honorifica;
1447 1728 1583 1806 quum
1607 1739 1662 1788 iis

243 1839 513 1888 opponerem
528 1821 785 1869 contrariam
800 1820 853 1870 de
873 1821 957 1869 hoc
974 1821 1072 1888 ipso
1094 1840 1229 1887 quum
1246 1820 1430 1869 aliorum
1452 1820 1662 1870 doctrinae

242 1903 488 1951 eruditione
522 1915 564 1951 et
598 1903 763 1965 ingenii
793 1904 990 1952 acumine
1021 1903 1323 1970 praestantium
1348 1903 1542 1952 virorum
1567 1905 1662 1972 opi-

241 1986 418 2034 nionem
436 2024 447 2044 ,
467 1998 576 2033 tum
610 1986 810 2051 inprimis
833 1985 942 2033 Julii
968 1986 1148 2034 Caesaris
1173 1984 1408 2049 scaligeri,
1440 1998 1484 2033 at
1508 1985 1661 2053 quanti

242 2067 344 2115 viri!
368 2067 734 2116 existimationem
756 2066 879 2115 valde
912 2065 1175 2133 praecl‘aram.
1210 2069 1314 2115 Non
1339 2068 1454 2116 enim
1486 2068 1662 2131 ignora-

241 2151 345 2198 bam
375 2150 431 2198 ab
456 2150 554 2215 ipso
577 2150 622 2197 iu
644 2149 938 2216 hypercritico
961 2150 1080 2198 hunc
1110 2162 1312 2198 nostrum
1343 2149 1406 2198 illi
1433 2162 1659 2216 poetarum

243 2233 359 2281 aetati
383 2232 620 2290 accenseri,
644 2232 691 2279 in
715 2251 797 2297 qua
811 2271 821 2289 ‚
849 2251 981 2297 quum
1003 2244 1251 2280 caeterarum
1274 2243 1446 2280 aetatum
1466 2231 1540 2279 alii
1557 2229 1661 2280 alias

243 2334 267 2363 a
291 2328 442 2364 natura
466 2316 650 2363 virtutes
678 2314 799 2363 datas
833 2313 1089 2380 profitetur,
1123 2325 1276 2363 cuncta
1314 2312 1443 2361 simul
1473 2313 1659 2361 inveniri

245 2399 487 2456 existimat,
512 2410 606 2445 tum
629 2397 860 2445 candorem
884 2408 1239 2463 venustatemque
1266 2395 1431 2461 absque
1453 2393 1541 2442 ulla
1567 2394 1662 2444 dic-

245 2480 379 2527 tionis
401 2479 694 2537 affectatione‚
718 2478 822 2526 huic
847 2497 940 2526 esse
961 2476 1221 2544 peculiarem
1242 2476 1490 2525 arbitratur.
1524 2476 1660 2541 Quod

245 2573 389 2609 autem
411 2560 642 2623 singularis
663 2559 848 2626 exempli
870 2559 959 2618 vir,
982 2579 1124 2625 neque
1146 2577 1231 2607 suae
1254 2558 1464 2606 duntaxat
1480 2557 1630 2623 patriae
1645 2594 1657 2614 ,

247 2643 322 2692 sed
337 2643 471 2690 totius
495 2642 737 2690 Germaniae
754 2653 1057 2690 ornamentum
1070 2679 1081 2699 ,
1096 2642 1125 2689 J
1128 2640 1350 2688 oachimus
1365 2638 1655 2696 Camerarius,

197 2737 202 2740 ’
249 2725 369 2791 quod
392 2724 554 2774 Ovidio
579 2724 734 2772 tribuit
758 2723 978 2786 elogium?
1005 2742 1135 2789 quam
1163 2722 1211 2769 in
1241 2721 1318 2771 illo
1348 2720 1518 2770 laudem
1550 2720 1655 2768 emi-
