1794 3100
633 323 1086 381 EXCURSUS

353 485 485 572 IN
553 481 991 573 OVIDII
1046 476 1364 580 IBIN‚

238 669 576 714 AUCTORE
619 669 678 712 D.
718 667 1120 712 SALVAGNIO
1163 665 1481 711 BOESSIO.

685 984 1056 1041 CAPUTI.

148 1125 299 1155 MULTOS
322 1127 414 1153 nme
437 1126 631 1153 POEMA'rm
655 1126 786 1152 MANUS
811 1125 1022 1151 ADMOVISSE
1052 1128 1060 1150 :
1086 1125 1287 1151 NONNULLA
1316 1124 1449 1151 TAMEN
1478 1126 1519 1150 IN
1543 1127 1590 1150 Eo

247 1188 478 1221 sumt-Rasa,
506 1188 645 1221 QUIBUS
663 1186 876 1212 EnonAnms
899 1187 1023 1212 OEDIPO
1046 1187 1116 1211 VEL
1140 1186 1290 1213 SIBYLLA
1313 1188 1370 1213 SIT
1395 1187 1496 1213 OPUS.

149 1297 351 1383 Quum
375 1318 570 1385 primum
585 1318 783 1367 animum
802 1317 858 1366 ad
875 1316 1028 1366 ovidii
1046 1315 1245 1365 libellum
1263 1317 1309 1365 in
1334 1318 1436 1366 Ibin
1465 1337 1589 1368 enar-

147 1396 339 1446 randum
350 1395 524 1463 adpuli,
540 1395 654 1444 nihil
669 1396 780 1445 mihi
798 1397 923 1463 prius
937 1407 1070 1462 atque
1087 1395 1315 1462 antiquius
1328 1396 1436 1454 suit,
1457 1414 1587 1462 quam

145 1488 199 1526 ut
220 1475 447 1534 omnium,
474 1475 551 1542 qui
576 1475 630 1524 de
653 1475 739 1524 hoe
761 1474 916 1523 libello
940 1474 1054 1523 bene
1077 1474 1223 1522 meriti
1251 1487 1425 1532 essent,
1452 1474 1590 1523 Com-

147 1553 390 1604 mentarios
412 1553 609 1621 undique
634 1554 909 1622 perquisitos
932 1552 1175 1602 evolverem
1202 1573 1211 1601 :
1238 1552 1460 1601 enimvero
1489 1552 1590 1620 plu—

146 1632 251 1681 rimi
273 1644 370 1681 tum
389 1643 568 1690 nostra,
594 1644 688 1681 tum
712 1644 891 1699 patrum
915 1644 960 1681 et
984 1650 1164 1680 avorum
1181 1631 1418 1690 memoria,
1444 1631 1489 1679 in
1506 1632 1590 1680 hoc

148 1709 392 1776 poematia,
418 1721 628 1776 tanquam
649 1710 697 1757 in
720 1708 959 1776 Olympico
980 1709 1126 1757 stadio
1147 1728 1240 1757 non
1265 1709 1591 1776 citrapulveris

148 1799 317 1836 tactum
335 1787 623 1836 desudarunt.
649 1788 856 1851 Quorum
871 1788 1089 1836 vetustior
1103 1790 1246 1842 ἄδηλος
1263 1789 1428 1837 caeteris
1451 1787 1589 1837 facem

147 1866 344 1934 praetulit
367 1888 378 1916 ε
399 1867 478 1916 sed
491 1897 494 1905 ν
507 1890 529 1910 «
553 1867 647 1932 ejus
671 1866 855 1925 scrinia,
875 1890 899 1910 n
917 1867 1067 1933 inquit
1084 1867 1308 1917 Adrianus
1326 1869 1565 1916 Turnebus
1578 1906 1589 1927 ‚

148 1944 382 1995 Adversar.
415 1944 496 1994 lib.
528 1946 596 1993 IX
618 1980 630 2004 ,
667 1963 762 2012 cap.
790 1944 852 1991 25
878 1982 891 2001 ,
934 1967 957 1987 «
985 1943 1060 1992 alii
1082 1945 1346 2011 interpretes
1375 1946 1591 2013 compila—

152 2042 177 2063 »
202 2033 332 2080 runt3
358 2033 403 2070 et
424 2022 585 2089 scripta
601 2059 614 2081 ,
638 2022 720 2071 etsi
744 2023 978 2081 mendosa,
1005 2023 1123 2071 unde
1147 2034 1294 2071 tamen
1317 2023 1455 2073 multa
1481 2025 1589 2073 odo-

152 2120 177 2141 »
203 2099 290 2147 rari
307 2111 586 2165 poteramus,
619 2114 974 2168 suppresserunt.
1005 2124 1028 2144 »
1058 2103 1155 2150 Nos
1174 2101 1299 2150 illum
1322 2102 1491 2150 tamdiu
1513 2103 1588 2151 de-

151 2175 395 2226 sideratum
426 2177 475 2226 in
506 2177 650 2227 lucem
676 2179 882 2238 edemus3
916 2179 994 2229 sed
1021 2180 1162 2238 enim,
1190 2180 1293 2246 quia
1315 2181 1445 2229 foedis
1471 2180 1590 2243 glos—

117 2299 127 2303 7,
151 2255 331 2305 sematis
353 2273 404 2304 ac
429 2257 731 2323 supposititiis
753 2270 987 2308 auctorum
1026 2259 1293 2307 testimoniis
1330 2258 1591 2325 inquinatus

149 2344 246 2392 est,
272 2352 429 2383 aurum
452 2353 505 2382 ex
524 2334 620 2401 ejus
637 2347 830 2385 stercore
851 2335 1163 2400 colligendum.
1186 2339 1321 2385 Anno
1338 2355 1441 2384 vero
1457 2356 1591 2404 supra

150 2409 434 2461 millesimum
457 2425 614 2479 quater
638 2414 876 2463 centesimo
905 2416 1193 2479 nonagesimo
1226 2415 1405 2482 quinto,
1433 2416 1588 2469 Domi-

154 2487 243 2536 tius
278 2487 540 2538 Calderinus
572 2491 839 2541 Veronensis
878 2493 923 2540 in
956 2493 1003 2541 id
1034 2488 1130 2541 toto
1154 2492 1588 2559 pectoreincubuit3

151 2563 220 2613 vir
242 2564 419 2630 quidem
433 2566 644 2633 plurimae
667 2567 715 2615 in
736 2568 896 2618 litteris
918 2569 1166 2627 industriae,
1189 2570 1266 2636 qui
1283 2588 1421 2636 quum
1436 2571 1591 2617 Romae

153 2642 464 2708 profiteretur,
496 2657 540 2694 et
562 2645 753 2694 obscura
780 2646 1008 2696 duriorum
1032 2660 1264 2715 poetarum
1288 2667 1413 2698 sensa
1436 2666 1592 2696 recon-

153 2720 256 2771 ditae
289 2721 492 2773 lectionis
527 2725 774 2774 admirabili
797 2727 1054 2776 testimonio
1076 2727 1361 2787 dilucidaret,
1386 2726 1588 2776 litterarii
