1794 3100
620 237 750 280 PER
782 238 826 280 J.
863 235 1163 280 MASSON.
1517 240 1601 293 ,103

179 329 311 380 ffiud
334 334 481 380 tamen
504 329 715 379 omnibus
739 329 1000 378 observatus
1021 327 1109 377 fuit
1130 329 1204 377 hic
1229 329 1341 387 dies,
1362 331 1429 378 uti
1451 331 1537 395 jam
1560 333 1607 380 in

178 405 354 455 Horatii
375 406 509 464 Vita,
544 405 770 455 Ciceronis
797 405 1021 492 exemplo,
1043 405 1343 463 ostendimus;
1366 406 1437 454 cui
1462 419 1505 455 et
1525 407 1609 458 alia

174 494 363 548 possent
376 482 492 531 addi.
515 483 608 536 Nec
620 482 735 530 forte
748 501 848 531 mos
863 468 939 530 ille
955 482 1010 530 ad
1028 481 1112 531 alia
1130 501 1262 549 quam
1274 482 1418 549 prisca
1437 496 1606 549 specta-

173 561 254 610 bat
277 574 500 629 tempora,
526 574 578 611 ut
598 573 731 628 poeta
748 562 950 610 videtur
938 580 1118 610 mnuere
1142 562 1356 629 proximis
1379 563 1605 612 versibus:

395 691 453 725 An
472 690 569 736 quia,
591 702 702 735 quum
713 692 826 734 prisci
835 688 990 724 colerent
1003 688 1189 725 studiosius
1205 702 1303 736 agros
1317 717 1327 734 ,
1345 697 1409 725 etc.

175 794 239 840 Ut
259 804 311 841 ut
331 792 415 849 sit,
438 791 526 839 hoc
551 791 723 841 circiter
744 802 943 858 tempore
967 792 1089 841 Naso
1116 801 1249 858 togam
1271 793 1478 842 sumserit
1500 794 1605 842 viri-

172 872 251 921 lem
267 901 280 928 ·‚
301 870 530 938 :siquidem
554 870 675 919 haud
702 870 923 919 immerito
949 870 1065 919 docti
1098 870 1180 919 viri
1218 877 1227 896 ¹
1264 884 1470 930 censent,
1511 892 1606 922 eam

172 966 288 998 anno
313 947 454 997 aetatis
497 947 554 995 16
585 947 765 996 ineunte
783 966 867 1014 pro
886 947 1020 1013 hujus
1037 947 1116 996 aevi
1130 966 1253 996 more
1273 947 1418 996 datam
1441 948 1603 1008 fuisse3

175 1045 266 1092 quo
299 1037 415 1075 certe
443 1041 560 1074 anno
595 1025 789 1075 eamdem
821 1024 915 1074 filio
948 1027 1015 1074 M.
1049 1026 1204 1075 Cicero
1233 1026 1406 1084 induit,
1437 1038 1490 1075 ut
1513 1027 1603 1092 jam

174 1105 282 1154 alibi
306 1111 323 1130 ²
345 1104 590 1154 docuimus.
617 1106 719 1154 Huc
744 1104 874 1154 etiam
890 1104 1085 1168 Augusti
1108 1105 1359 1172 exemplum
1379 1106 1575 1155 referunt
1590 1146 1602 1166 ‚

173 1182 228 1231 de
263 1201 355 1249 quo
385 1182 624 1232 Suetonius
662 1183 677 1207 ³
708 1202 718 1230 ε
757 1206 780 1225 «
806 1182 1150 1241 Duodecimum,
1176 1184 1257 1243 ait⁷
1282 1203 1446 1233 annum
1469 1204 1604 1248 agens

174 1266 206 1307 ω’
227 1261 367 1312 aviam
386 1261 553 1311 Iuliam
576 1261 829 1312 defunctam
850 1279 936 1328 pro
958 1261 1169 1310 concione
1191 1261 1386 1311 laudavit
1408 1264 1441 1311 4.
1476 1264 1603 1328 Qua-

174 1363 198 1383 »
227 1340 430 1393 driennio
448 1352 555 1407 post
570 1339 687 1389 virili
702 1352 806 1404 toga
823 1346 967 1390 sumta
980 1378 994 1398 ‚
1012 1339 1280 1390 militaribus
1293 1340 1424 1390 donis
1443 1342 1601 1390 trium-

175 1440 199 1461 »
222 1419 319 1486 pho
342 1419 528 1469 Caesaris
548 1418 759 1468 Africano
782 1419 975 1468 donatus
997 1432 1088 1478 est,
1112 1431 1192 1468 etc.
1218 1442 1240 1463 »

235 1505 328 1555 Alii
350 1526 454 1556 vero
480 1508 600 1557 haud
631 1508 901 1557 indoctiores
921 1508 1006 1556 >viri
1028 1506 1043 1533 ⁵
1059 1546 1070 1566 ‚
1096 1506 1330 1557 Nicolaum
1362 1509 1601 1557 Damasce—

167 1603 277 1633 num
300 1585 465 1643 secuti,
504 1597 684 1635 censent
712 1598 860 1650 togam
892 1584 1062 1635 virilem
1091 1587 1300 1649 Augusto
1337 1590 1394 1646 14
1425 1599 1599 1636 tantum

167 1675 310 1712 annos
332 1675 441 1711 nato
465 1663 610 1712 datam
631 1684 642 1721 ;
676 1684 726 1713 ac
745 1665 932 1731 proinde
954 1666 1000 1712 in
1025 1684 1076 1712 eo
1101 1665 1304 1713 Suetonii
1323 1664 1422 1713 loeo
1447 1664 1601 1728 legunt

167 1738 364 1788 declinam
380 1780 392 1797 ‚
419 1759 502 1807 pro
515 1740 791 1789 duodecimum
808 1760 974 1790 annum
988 1778 1000 1799 ‚
1026 1760 1115 1807 quo
1140 1741 1346 1808 princeps
1367 1740 1442 1790 ille
1460 1742 1598 1790 aviam

168 1818 435 1878 laudaverit;
460 1831 513 1868 ut
529 1819 833 1888 quadriennium
853 1813 1010 1868 exinde
1030 1832 1320 1887 supputatum
1339 1822 1385 1868 in
1400 1821 1598 1886 Augusti

178 1896 434 1956 Ilpincidat.
460 1897 637 1947 Diserta
662 1916 766 1947 sane
795 1909 900 1946 sunt
923 1894 1097 1947 Nicolai
1118 1899 1252 1947 verba
1276 1919 1286 1946 ε
1312 1903 1525 1948 Κατέὸαινε
1554 1904 1597 1949 δὲ

169 1977 222 2025 εἰς
245 1979 312 2025 τὴν
335 1980 484 2040 ἀγορὰν
510 1979 595 2039 περὶ
620 1983 686 2030 ἔτη
713 1979 885 2038 μάλιστα
908 1980 1074 2039 γεγονὼς
1106 1980 1477 2042 τεσσαρεσκαίδεκα,
1496 1986 1596 2027 ὥστε

168 2056 374 2101 ἀποθέσθαι
394 2056 464 2117 μὲν
479 2059 594 2102 ἀυτόν
607 2053 675 2111 ι”ιὸη
692 2063 759 2107 τὴν
777 2061 1062 2121 περιπόρφυρον
1077 2060 1232 2115 ἐσθῆτα,
1248 2061 1451 2106 ἀναλαόεἴν
1471 2060 1597 2108 δὲτὴν

167 2136 338 2196 καθαρὰν
352 2169 365 2190 ,
387 2136 581 2193 σύμὸολον
595 2133 716 2181 οὖσαν
729 2145 798 2188 τῆς
820 2139 870 2188 εἰς
891 2137 1035 2199 ἄνδρας
1053 2139 1262 2200 ἐγγραφῆς.
1286 2158 1309 2178 «
1326 2136 1437 2184 Inde
1454 2157 1595 2187 annos

171 2232 195 2252 »
221 2210 397 2260 circiter
418 2211 751 2279 quatuordecim
770 2225 902 2262 natus
927 2212 976 2261 in
1004 2212 1152 2263 forum
1175 2213 1423 2273 descendit,
1448 2216 1595 2281 posita

209 2347 222 2366 ¹
247 2343 332 2380 Vid.
360 2344 440 2380 Ald.
462 2344 603 2380 Manut.
629 2344 749 2391 Quaes.
764 2358 827 2391 per
842 2346 951 2390 Epist.
967 2346 1025 2381 lib.
1043 2347 1100 2390 ll,
1119 2346 1162 2381 de
1184 2347 1282 2393 Toga
1301 2348 1403 2382 Rom.
1431 2347 1535 2383 Noris
1551 2348 1593 2382 de

168 2398 298 2436 Cenot.
313 2401 381 2436 Pis.
397 2414 472 2447 pag.
495 2415 507 2436 ι
518 2403 556 2446 ι4
570 2415 579 2443 ;
601 2399 729 2436 Graevi.
748 2401 793 2436 ad
810 2401 956 2437 Sueten.
973 2402 1063 2447 Aug.
1080 2414 1153 2446 cap.
1170 2403 1200 2436 8.

208 2462 224 2482 ²
242 2460 285 2496 In
302 2461 426 2496 Horat.
443 2461 545 2506 Vita,
568 2475 643 2508 pag.
659 2464 712 2497 25.

206 2519 222 2542 ⁸
243 2521 320 2557 Lib.
338 2522 485 2569 11,cap.
499 2524 531 2558 8.

207 2581 223 2605 ⁴
246 2581 349 2618 Idem
364 2583 496 2629 aliquot
512 2590 593 2620 ante
612 2584 711 2620 annis
733 2585 914 2630 scripserat
934 2584 1085 2632 Quintil.
1100 2584 1157 2620 lib.
1178 2585 1274 2630 ΧΠ,
1292 2599 1365 2632 cap.
1380 2587 1425 2622 6:
1443 2586 1595 2623 «1Caesa
1598 2604 1601 2608 ’

167 2625 345 2684 Augustus
361 2640 549 2676 duodecim
564 2648 665 2677 natus
680 2654 791 2686 annos
808 2642 920 2677 aviam
937 2655 1001 2688 pro
1018 2642 1136 2682 rostris
1152 2611 1347 2678 laudav'it.»

213 2701 228 2724 ⁵
251 2700 333 2737 Vid.
350 2701 463 2738 Henr.
482 2701 599 2738 vales.
613 2709 688 2738 not.
706 2702 747 2738 ad
768 2689 1261 2750 Nicol.Damasc.Exce1-pta,
1282 2705 1460 2750 pag-4753
1481 2704 1597 2739 Henr.

167 2756 342 2796 Dodwell.
360 2760 460 2796 Prael.
477 2760 557 2796 vad
575 2760 750 2807 Spartiani
772 2760 942 2796 Hadrian.
