1794 3100
295 265 381 319 234
723 266 776 307 P.
823 264 1055 309 OVIDII
1096 265 1265 310 VITA

514 358 579 390 Hic
594 355 680 390 mihi
700 355 896 391 Cimmerio
910 360 964 391 bis
975 361 1073 393 tertia
1088 359 1227 394 ducitur
1241 365 1345 394 estas

550 416 668 450 Litore
679 442 688 459 ,
705 417 839 461 pellitos
855 417 948 453 inter
961 421 1094 462 agenda
1106 419 1227 455 Getas.

291 499 466 548 Scilicet
491 499 678 549 Ovidius
696 520 811 549 anno
834 502 889 550 U.
919 503 971 551 C.
991 514 1181 551 DCCLXH
1201 503 1255 551 ad
1272 502 1403 552 finem
1421 516 1632 564 vertente,
1654 519 1704 555 ut

287 596 420 644 supra
437 577 829 628 demonstravimus
841 616 852 637 ‚
873 582 1070 645 relegatus
1088 593 1172 639 est;
1191 581 1387 647 adeoque
1406 592 1524 630 sexta
1539 582 1596 630 ab
1614 582 1701 632 hoc

288 654 473 701 termino
498 665 619 702 oeslas
646 654 695 702 in
727 655 917 703 medium
941 675 1103 704 annum
1127 658 1182 704 U.
1212 658 1260 705 C.
1285 668 1527 706 Dchxvm
1548 657 1701 707 certis-

288 731 396 779 sime
416 732 543 779 cadit.
570 732 664 780 Sub
685 731 859 781 initium
880 752 982 781 vero
1006 734 1157 782 aestatis
1173 753 1221 783 ea
1235 734 1372 784 ‚fuisse
1394 734 1559 784 calamo
1576 754 1701 785 man,-

286 808 386 856 data
423 809 576 857 exinde
612 809 843 868 discimus,
870 810 988 876 quod
1017 813 1179 860 Noster
1207 811 1335 868 dicit,
1359 822 1515 860 sextam
1538 812 1701 863 hancce

284 895 460 934 oestatem
476 924 489 942 ,
524 904 620 951 quae
642 885 728 951 ipsi
751 898 844 934 tum
870 886 1133 947 ducebatur,
1157 889 1354 955 agendam
1377 889 1462 937 sibi
1486 889 1600 938 inter
1621 889 1699 939 Ge·

284 974 349 1010 tas
371 981 475 1011 esse.

507 1157 615 1191 Anno
633 1155 675 1192 C.
694 1169 762 1200 xv;
781 1157 827 1192 U.
847 1157 888 1192 C.
905 1167 1085 1199 nccnxun
1102 1156 1223 1192 Ovidii
1236 1169 1330 1193 tvm
1349 1165 1384 1194 et
1400 1169 1470 1194 ux.

358 1249 400 1285 Τ.
424 1248 661 1285 STATILIO
686 1249 886 1294 TAURO,
905 1251 943 1284 L.
968 1250 1242 1287 SCRIBONIO
1267 1250 1454 1288 LIBONE
1478 1251 1615 1289 COSS.

344 1344 377 1389 I.
400 1345 552 1391 NULLI
577 1355 865 1410 praeterquam
880 1345 983 1393 huic
1000 1365 1116 1394 anno
1140 1346 1409 1413 adsignanda
1428 1347 1548 1397 venit
1563 1349 1695 1416 Epis—

280 1420 368 1469 tola
393 1434 444 1470 Ix
467 1421 545 1469 lib.
567 1424 630 1470 IV
648 1442 699 1471 ex
719 1423 865 1471 Ponto
886 1461 896 1481 ‚
924 1442 1055 1490 quam
1075 1424 1265 1474 Ovidius
1286 1425 1497 1483 Graecino,
1516 1418 1693 1477 'consuli

275 1497 631 1563 in'posteriorem
656 1500 758 1547 anni
780 1512 948 1567 partem
978 1501 1207 1564 designato
1234 1502 1380 1560 misit,
1404 1515 1617 1570 exoptans
1643 1516 1695 1553 ut

273 1594 321 1623 ea
339 1587 491 1641 posset
508 1578 696 1625 Romam
713 1589 813 1626 ante
825 1578 970 1626 venire
984 1616 996 1636 ,
1015 1596 1146 1644 quam
1165 1577 1239 1626 ille
1254 1579 1394 1627 fasces
1408 1579 1693 1630 adsumsisset

276 1651 528 1701 consulares
544 1691 555 1711 ‚
580 1672 689 1702 vers.
717 1652 804 1700 3-8
825 1674 835 1701 2

489 1752 664 1797 Missaque
684 1752 731 1787 Di
746 1752 876 1788 faciant
894 1766 1056 1789 auroram
1074 1762 1232 1789 occurrat
1247 1755 1290 1790 ad
1300 1753 1398 1788 ‘illam
1412 1780 1421 1797 ,

530 1812 589 1848 Bis
605 1825 707 1849 senos
712 1814 835 1858 fasces
849 1826 927 1859 quae
945 1814 1006 1849 tibi
1017 1818 1128 1859 prima
1145 1817 1250 1850 dabit.

487 1874 540 1908 Ut
554 1900 563 1917 ,
582 1874 749 1919 quoniam
766 1875 839 1910 sine
854 1888 912 1909 me
931 1883 1051 1922 tanges
1068 1874 1241 1921 Capitolia
1258 1886 1419 1919 consum,

536 1934 582 1968 Et
601 1934 683 1969 fiam
700 1935 810 1970 turbae
826 1948 903 1980 pars
921 1948 985 1981 ego
1002 1935 1096 1970 nulla
1115 1942 1204 1977 tuae;

494 1994 534 2029 In
554 1995 689 2030 domini
706 1996 827 2031 subeat
843 2003 974 2041 partes,
992 2004 1027 2031 et
1041 2003 1182 2042 praestet
1203 1995 1305 2032 amici

533 2055 703 2091 Officium
718 2057 812 2101 jusso
827 2056 927 2091 litera
940 2064 1059 2092 nostra
1075 2057 1143 2092 die.

270 2138 443 2188 Deinde
465 2151 638 2206 tempus
672 2159 760 2206 quo
796 2141 1010 2190 Graecinus
1034 2141 1187 2191 consul
1208 2141 1386 2193 futurus
1408 2154 1502 2192 erat
1525 2181 1537 2202 ‚
1569 2156 1689 2212 patet

268 2236 321 2265 ex
346 2236 455 2266 vers.
482 2217 658 2283 57-601

483 2316 604 2351 Altera
622 2317 749 2352 laetitiae
762 2344 771 2361 ,
790 2330 855 2353 nec
869 2318 996 2354 cedens
1011 2331 1112 2355 causa
1126 2318 1258 2365 priori,

533 2378 711 2413 Successor
724 2380 812 2414 tanti
817 2380 934 2424 stater
951 2379 1095 2415 honoris
1113 2381 1191 2414 erit.

482 2439 574 2474 Nam
590 2438 791 2484 tibifinitum
805 2453 933 2475 summo
943 2468 953 2482 ‚
971 2440 1134 2476 Graecine
1145 2467 1155 2485 ,
1173 2441 1379 2476 Ducum!

527 2501 702 2544 Imperium
712 2527 721 2541 ‚
744 2501 836 2536 JANI
852 2501 993 2547 suscipit
1008 2501 1063 2536 ille
1079 2504 1158 2546 Δίῃ·
1172 2508 1235 2536 etc.

267 2582 493 2644 Significat
525 2602 683 2651 nempe
714 2596 843 2651 poeta
857 2622 868 2641 ‚
907 2585 1140 2634 Groecinum
1168 2584 1402 2634 consulatu
1429 2585 1686 2634 functurum

265 2658 320 2708 ad
341 2657 474 2707 finem
490 2679 631 2726 usque
648 2660 890 2710 Decembris
911 2661 1068 2718 fuisse,
1094 2680 1284 2727 moxque
1284 2663 1462 2727 fratrem
1486 2660 1685 2709 kalendis

261 2736 477 2786 Ianuariis
496 2740 532 2786 ei
552 2758 869 2788 successurum.
890 2740 1047 2789 Frater
1061 2752 1209 2788 autem
1226 2740 1319 2805 ejus
1336 2739 1500 2789 ovidio
1522 2739 1685 2788 dicitur
