1794 3100
273 203 349 231 112
704 189 755 232 P.
803 187 1035 234 OVIDII
1070 189 1247 234 VITA

263 300 367 330 sam.
395 282 448 330 ld
474 281 586 329 enim
609 301 698 330 non
733 283 893 332 evincit
923 282 1078 332 Statius
1108 284 1163 332 ab
1187 296 1375 351 utroque
1407 284 1461 333 cl.
1501 285 1594 333 viro
1631 287 1679 334 in

267 359 458 408 medium
470 359 687 426 prolatus,
713 372 756 408 et
770 361 846 427 qui
865 360 986 410 solus
1005 361 1183 428 quidem
1199 350 1327 411 istius
1345 363 1567 430 opinionis
1569 364 1678 428 fun-

267 434 344 482 dus
377 435 605 490 Rubenio‚
641 435 731 500 ejus
763 435 968 485 assertori
1001 436 1144 502 primo
1161 474 1172 494 ,
1197 437 1368 486 dicitur.
1408 437 1487 487 Ille
1517 438 1594 487 lib.
1619 439 1677 495 V,

265 509 380 576 Sylv.
401 524 462 570 ΙΙ,
487 511 578 559 haec
602 511 657 559 ad
680 511 933 578 Crispinum
954 532 963 559 :

482 598 540 633 Sic
557 605 590 633 te
602 624 612 642 ,
630 598 719 634 clare
735 612 822 644 puer
833 626 842 643 ,
861 599 1019 645 genitum
1037 598 1100 634 sibi
1117 604 1211 634 curia
1226 599 1356 643 sensit,

488 658 675 704 Primaque
688 662 831 703 patritia
847 659 966 694 clausit
982 660 1122 704 vestigia
1141 661 1258 693 Lana:

482 719 569 752 Mox
586 719 711 765 Tyrios
729 733 768 754 ex
786 733 883 754 more
900 720 1014 763 sinus,
1034 719 1256 764 tunicamque
1271 724 1453 764 potentem

478 779 663 824 Agnovere
680 780 838 822 humeri3

264 857 343 905 ubi
355 893 366 914 ‚
391 868 517 904 notat
534 857 767 907 Rubenius
785 864 814 915 ¹,
839 880 860 899 «
882 876 975 905 non
994 857 1177 905 dubium
1193 869 1277 915 est,
1293 875 1372 923 per
1390 857 1537 926 Tyrios
1553 857 1674 913 sinus,

271 955 292 976 »
321 945 571 1000 praetextam
594 933 808 1000 puerilem
828 953 838 991 3
863 953 942 1000 per
963 934 1135 982 [amram
1152 944 1352 1000 potentem
1372 973 1384 990 ,
1424 933 1681 982 laticlaviam

270 1031 293 1051 »
319 1009 548 1071 designari.
573 1031 594 1051 »
619 1009 870 1075 Crispinum
888 1020 1031 1057 autem
1051 1021 1154 1056 tunc
1174 1009 1382 1076 temporis
1400 1008 1597 1057 nondum
1615 1008 1682 1055 vi-

265 1086 387 1134 rilem
411 1099 558 1149 togam
581 1088 811 1146 sumsisse,
836 1087 939 1136 satis
957 1087 1018 1135 ait
1039 1106 1089 1136 ex
1112 1086 1167 1136 iis
1191 1106 1284 1153 quae
1302 1099 1547 1154 sequuntur
1563 1105 1681 1136 com-

266 1175 439 1228 pertum
461 1183 471 1211 :

484 1245 558 1279 Nec
573 1244 696 1279 saltem
716 1245 844 1280 teneris
861 1251 995 1280 ostrum
1013 1245 1144 1291 puerile
1160 1244 1292 1281 lacertis

483 1304 587 1339 Exuit
600 1331 610 1348 ,
629 1304 825 1350 albentique
842 1304 1007 1340 humeros
1022 1304 1157 1340 induxit
1173 1305 1311 1340 amictu.

264 1382 326 1428 At
347 1400 448 1429 vero
462 1418 473 1439 ‚
493 1392 544 1428 ut
563 1380 726 1446 optime
745 1381 905 1444 regerit
918 1381 1140 1430 Ferrarius
1156 1387 1336 1448 ²,-poeta
1353 1392 1577 1447 postremo
1593 1380 1680 1430 hoc

266 1456 364 1505 loco
377 1457 660 1523 conqueritur
675 1470 871 1524 ereptum
884 1458 986 1508 fatis
999 1470 1221 1525 parentem
1234 1496 1245 1517 ,
1267 1477 1404 1525 quum
1413 1457 1554 1506 adhuc
1571 1476 1682 1524 puer

266 1547 379 1583 esset
413 1535 645 1601 Crispinus
667 1572 678 1592 ,
718 1547 762 1582 et
782 1547 1063 1601 praetextatus
1085 1555 1095 1592 ;
1133 1547 1263 1602 atque
1285 1535 1347 1583 ita
1370 1553 1462 1583 non
1485 1534 1682 1601 potuisse

264 1610 472 1659 interesse
493 1610 572 1658 filii
597 1611 826 1670 tirocinio,
851 1623 896 1660 et
918 1624 1030 1675 togae
1050 1611 1189 1660 virilis
1213 1610 1493 1660 solemnitati.
1529 1610 1682 1659 Proxi-

264 1690 345 1737 mis
369 1689 484 1737 enim
503 1685 726 1738 versiculis
751 1690 917 1738 Statius
939 1691 1152 1738 cecinerat
1171 1710 1180 1737 z

479 1787 554 1822 Nec
569 1791 698 1830 genitor
712 1787 806 1831 juxta
823 1800 832 1821 :
849 1787 928 1822 fatis
945 1799 1096 1832 namque
1114 1786 1254 1820 haustus
1269 1785 1395 1831 iniquis

488 1849 642 1889 Occidit,
659 1847 745 1881 heu!
765 1847 940 1892 geminam
953 1848 1086 1893 prolem
1103 1847 1166 1881 sub
1182 1845 1326 1891 praeside
1342 1845 1513 1890 linquens.

484 1908 558 1943 Nec
573 1907 694 1942 saitem
709 1933 717 1951 ,
737 1914 801 1942 etc.

267 1986 370 2033 Haec
393 1985 530 2047 igitur
550 1986 728 2033 omnino
760 1984 1084 2041 demonstrant,
1113 1982 1366 2050 Crispinum
1396 1983 1483 2047 jam
1510 1981 1677 2031 virilem

266 2076 412 2126 togam
435 2064 651 2120 induisse3
674 2062 876 2128 idemque
899 2061 1180 2120 confirmant,
1204 2079 1300 2127 quae
1323 2071 1595 2127 sequuntur:

488 2161 609 2206 Quem
625 2173 699 2195 non
716 2161 908 2206 corrumpit
918 2164 1023 2205 pubes
1036 2159 1197 2195 effrena?
1215 2172 1373 2205 novaque

485 2222 640 2257 Libertas
658 2228 841 2267 properata
855 2222 964 2266 toga?
985 2228 1047 2256 etc.

265 2300 387 2364 Quin
403 2299 491 2346 imo
515 2298 706 2356 Statius,
730 2317 838 2347 vers.
872 2316 951 2357 12,
978 2310 1187 2355 testatur,
1213 2298 1466 2364 Crispinum
1486 2308 1590 2345 tunc
1620 2294 1675 2342 16

262 2377 400 2425 aetatis
424 2394 586 2424 annum
609 2376 776 2439 egisse:

507 2501 515 2508 .
534 2500 542 2507 .
566 2481 599 2508 et
617 2480 751 2509 octonos
770 2476 822 2508 bis
838 2474 908 2518 iarn
926 2472 986 2508 tibi
1002 2472 1123 2508 circuit
1138 2474 1231 2506 orbes

483 2535 575 2568 Vita.

310 2632 321 2650 ¹
348 2629 401 2662 De
422 2629 474 2662 Re
494 2627 626 2662 vestiar.
644 2628 701 2663 lib.
720 2628 753 2671 I,
771 2640 841 2672 cap.
863 2629 912 2671 14.

309 2686 325 2705 ²
348 2683 501 2718 Analect.
519 2696 589 2728 cap.
609 2696 660 2718 20.
