1794 3100
514 233 1134 280 ET'‘PRAEFATIONES.
1399 273 1402 278 .
1457 251 1544 297 297

113 329 344 380 concinnam
357 367 370 385 ‚
387 324 888 392 acsen'tentiasabulardm
902 329 1114 378 involucris
1123 322 1284 377 tectam¹
1306 329 1418 392 Quae
1442 328 1550 378 defi-

110 406 241 465 nitio,
256 426 393 474 quum
408 407 503 473 ejus
517 407 640 475 quod
653 407 862 456 definitur
874 420 1072 457 naturam
1087 398 1312 475 utcunque
1326 407 1546 474 explanet,

114 485 293 535 minime
316 485 491 534 videtur
511 481 820 551 adspernanda
843 505 854 534 ε
879 487 1050 535 tametsi
1069 478 1291 553 pleniores
1314 485 1387 535 illa
1415 498 1547 553 atque

114 560 432 611 luculentiores
454 573 628 610 exstent
648 581 783 628 quum
803 560 991 610 aliorum
1012 562 1309 620 definitiones,
1332 575 1423 611 tum
1445 562 1548 610 Pla·-

117 639 236 688 tonis
254 638 484 707 inprimis,
511 639 620 706 quas
636 639 724 688 huc
738 639 988 688 adscribere
1001 640 1230 707 praesentis
1250 640 1445 689 instituti
1460 659 1551 688 non

116 729 197 768 est.
214 718 280 766 Ac
296 717 493 785 poetices
510 718 695 767 notione
711 718 1023 785 comprehendi
1041 712 1327 786 quaecumque
1346 718 1555 767 doctrinae

117 808 162 847 et
176 797 442 846 eruditionis
455 796 749 864 adpellatione
761 810 995 847 censentur
1007 836 1019 857 ‚
1038 798 1124 846 hoc
1138 810 1203 847 est
1216 837 1228 856 ,
1241 817 1420 857 ¹omnem
1439 798 1556 865 opti-

117 893 287 924 marum
311 893 459 923 rerum
479 876 782 938 cognitionem
810 887 943 942 atque
974 875 1273 924 tractationem
1289 912 1301 932 ‚
1327 875 1449 942 quod
1473 875 1557 924 sci-

119 953 224 1002 licet
246 965 314 1002 est
337 953 532 1002 studium
560 955 786 1021 sapientiae
803 992 815 1011 ,
858 954 1023 1004 Graecis
1056 955 1292 1014 φιλοσοφᾶα,
1319 955 1435 1003 inter
1460 974 1559 1003 eru-

121 1030 243 1080 ditos
265 1043 468 1079 constare
484 1031 635 1089 vide03
656 1031 770 1080 sicut
790 1050 934 1098 neque
953 1031 1006 1079 de
1021 1051 1073 1080 eo
1090 1031 1325 1098 disceptari
1343 1032 1558 1089 arbitror,

123 1109 244 1177 quod
272 1110 428 1159 Cicero
454 1110 700 1159 adfirmavit
724 1110 843 1178 apud
884 1110 1088 1166 Graecos,
1125 1129 1149 1157 a
1182 1108 1348 1176 quibus
1383 1129 1557 1159 omnem

124 1189 596 1239 humanitatislaudem
608 1190 756 1238 Latini
773 1190 996 1256 adcepere,
1011 1189 1366 1256 antiquissimum
1381 1209 1403 1238 e
1416 1182 1560 1238 doctis

112 1285 381 1332 vessex-ggenus
401 1279 659 1334 poetarum;
689 1286 785 1333 quae
806 1268 923 1316 enim
949 1267 1237 1324 AristoteleS‚
1259 1266 1473 1331 singulari
1497 1268 1563 1316 vir

122 1335 301 1408 ingenio
315 1382 327 1402 ,
350 1357 484 1412 atque
509 1344 699 1394 scientiae
722 1345 851 1412 copia
875 1344 1146 1403 admirabili3
1176 1364 1272 1411 quae
1291 1357 1391 1394 ante
1413 1346 1560 1412 ipsum

122 1422 300 1471 divinus
323 1421 482 1479 Plat0;
521 1441 618 1489 quae
636 1422 827 1489 denique
854 1435 1047 1490 utroque
1078 1422 1372 1489 antiquiores,
1388 1422 1565 1483 ,Thales

123 1500 280 1550 ionicae
298 1538 311 1559 ,
334 1512 379 1548 et
415 1499 693 1566 Pythagoras
725 1500 883 1550 italicae
919 1500 1214 1569 philosophiae
1247 1501 1460 1568 princeps
1477 1538 1487 1557 ,
1513 1500 1566 1549 de

126 1580 250 1636 Deo,
271 1578 326 1626 de
346 1578 591 1627 animarum
609 1579 937 1629 immortalitate
950 1617 962 1638 ,
990 1580 1043 1629 de
1067 1592 1235 1629 naturae
1260 1580 1533 1628 obscuritate
1551 1617 1562 1635 ,

126 1654 180 1703 de
204 1655 294 1703 vita
314 1673 365 1703 ac
386 1655 588 1704 moribus
609 1655 913 1704 disseruerunt
927 1693 939 1714 ,
974 1655 1200 1723 literisque
1234 1657 1532 1727 prodiderunt
1554 1676 1564 1711 ;

128 1749 177 1779 ea
198 1749 292 1778 non
315 1729 516 1798 ipsorum
533 1731 669 1780 fuisse
685 1732 883 1790 inventa,
908 1732 986 1780 sed
1004 1733 1082 1798 qui
1103 1732 1275 1799 aliquot
1303 1752 1380 1780 eos
1405 1731 1566 1781 seculis

126 1820 458 1858 antecesserunt
471 1821 700 1875 poetarum
711 1847 724 1867 ,
747 1809 940 1876 Orphei,
958 1810 1143 1868 Musaei,
1159 1811 1262 1859 Lini
1279 1849 1290 1869 ,
1308 1823 1440 1877 atque
1456 1811 1566 1860 adeo

128 1885 313 1934 Homeri
329 1885 472 1952 ipsius
490 1886 711 1935 exstitisse
727 1886 933 1950 dogmata
948 1924 960 1945 ,
984 1886 1167 1954 planum
1184 1887 1277 1936 fieri
1294 1888 1458 1955 potest.
1474 1890 1567 1938 Ne-

129 1982 216 2030 que
246 1983 342 2012 non
370 1961 483 2012 illud
516 1964 798 2024 manifestum
830 1968 926 2024 est,
962 1967 1181 2032 poeticam
1216 1967 1514 2017 elocutionem
1543 1989 1565 2017 a

131 2061 332 2091 sermone
353 2043 571 2110 pedestri,
593 2041 674 2110 qui
704 2043 991 2112 philosophis
1024 2058 1091 2094 est
1123 2046 1378 2106 familiaris,
1405 2048 1570 2098 disere—

130 2140 237 2189 pare
257 2121 540 2189 potissimum
561 2124 624 2183 τιζῖ
641 2123 740 2171 dau
758 2161 770 2181 ,
799 2123 986 2172 faciente
1007 2123 1122 2173 inter
1141 2125 1260 2174 hunc
1279 2138 1322 2175 et
1337 2125 1567 2177 illamdis-

131 2198 295 2247 crimen
311 2197 732 2248 elocutionis‘forma
747 2237 758 2257 ,
775 2199 863 2248 hoc
876 2212 967 2259 est,
983 2213 1146 2260 metro,
1166 2202 1261 2251 'sive
1272 2222 1415 2261 versu,
1437 2223 1567 2270 quem

131 2295 157 2325 a
170 2274 466 2324 concinnitate
483 2286 639 2324 cantus
651 2313 663 2332 ,
684 2294 816 2342 quam
834 2276 975 2327 Graeci
993 2278 1177 2343 ἁρμονίαν
1195 2280 1453 2338 nominant,
1475 2299 1567 2329 car-

132 2371 233 2402 men
264 2365 590 2420 nuncuparunt.
629 2355 733 2402 Haec
768 2355 905 2418 igitur
938 2367 988 2404 ut
1017 2356 1085 2404 vel
1107 2357 1316 2406 mediocri
1343 2357 1567 2406 literarum

132 2431 387 2495 cognitione
409 2431 595 2480 imbutis
619 2450 712 2479 non
738 2431 963 2495 incognita
986 2452 1081 2482 esse
1109 2435 1316 2483 existimo
1340 2455 1350 2483 :
1380 2435 1444 2485 ita
1476 2455 1566 2484 non

133 2527 256 2575 aeque
288 2508 521 2566 omnibus,
559 2526 658 2556 meo
697 2509 877 2575 quidem
896 2510 1066 2575 judicio
1084 2550 1096 2570 ,
1130 2513 1343 2579 expositae
1367 2526 1473 2562 sunt
1501 2533 1571 2562 ra·

134 2588 304 2645 tiones,
330 2586 495 2654 quibus
518 2587 719 2635 adductae
741 2599 935 2636 veterum
962 2589 1210 2655 sapientum
1243 2590 1417 2640 familiae
1437 2630 1447 2650 ,
1485 2594 1570 2641 Dei

134 2663 292 2731 optimi
323 2663 499 2712 maximi
529 2683 577 2712 ac
602 2676 768 2713 naturae
791 2666 998 2733 mysteria
1031 2666 1279 2717 fabularum
1313 2671 1574 2719 commentis

68 2752 71 2755 ’
136 2742 507 2810 comprehendere
527 2754 660 2810 atque
682 2743 906 2793 occultare
927 2744 1193 2795 studuerint.
1231 2747 1300 2796 De
1332 2747 1495 2814 quibus
1528 2749 1574 2797 in
