1794 3100
265 222 346 281 196
709 223 759 264 P.
797 222 1038 266 ovluu
1071 225 1239 269 VITA

206 363 213 369 .
255 337 278 357 »
308 326 492 363 constat.
525 337 547 356 »
575 314 648 362 Sic
674 314 830 363 doctus
860 315 927 363 vir
954 316 1046 364 haec
1078 316 1272 366 illustrat
1295 317 1435 367 Taciti
1458 319 1589 368 verba
1618 320 1672 369 de

251 393 455 451 Tiberio,
482 393 557 459 qui
581 392 777 441 Silanum
797 393 843 441 in
867 395 1053 460 patriam
1075 402 1283 444 revocans
1308 396 1504 456 dicebat,
1525 398 1573 446 id
1576 399 1675 466 jure

251 472 401 520 licitum
412 509 423 529 ,
444 472 538 538 quia
557 491 635 519 non
654 473 994 521 senatusconsulto
1007 512 1020 530 ‚
1052 493 1130 522 non
1154 475 1239 541 lege
1251 476 1400 540 pulsus
1399 476 1526 541 jbret.
1559 478 1673 541 Quae

251 546 380 595 illum
405 547 597 595 Nasonis
632 566 809 613 quoque
831 547 976 596 locum
1001 549 1179 599 mirifice
1202 549 1464 611 dilucidant,
1485 552 1600 601 sicut
1630 563 1675 600 et

250 623 333 672 alia
348 661 360 680 ‚
384 623 461 671 ubi
481 624 638 672 similia
660 625 799 682 canit3
826 644 877 673 ex
897 627 1059 692 quibus
1077 627 1168 676 haec
1186 627 1367 694 insuper
1386 628 1642 696 adposuisse
1658 666 1670 686 ,

250 720 343 748 non
366 701 450 749 erit
475 719 789 767 supervacuum
809 723 818 750 :
845 703 979 751 Trist.
1004 703 1082 752 lib.
1108 707 1163 762 V,
1184 705 1307 769 Eleg.
1334 719 1395 764 ΙΙ,
1420 707 1672 770 Augustum

251 777 525 845 adloquens,
552 797 659 827 vers.
691 778 867 827 55-58:

476 879 534 913 Ira
548 876 692 921 quidem
709 877 890 911 moderata
906 883 963 911 tua
980 885 1053 919 est;
1070 878 1246 924 vitamque
1263 879 1406 915 dedisti:

515 934 590 968 Nec
609 933 695 967 mihi
704 933 768 977 jus
784 936 867 967 civis
879 959 887 973 ,
911 946 976 967 nec
991 933 1077 967 mihi
1097 946 1229 969 nomen
1245 938 1351 970 abest.

469 990 543 1024 Nec
558 1001 632 1022 mea
649 1001 809 1024 concessa
826 995 877 1023 est
892 989 965 1023 aliis
973 984 1115 1033 ,fortuna
1132 1002 1142 1024 .·
1161 1003 1227 1026 nec
1244 1001 1359 1027 Exsul.

515 1046 639 1079 Edicti
648 1044 762 1079 verbis
775 1045 944 1079 nominor
963 1045 1034 1089 ipse
1049 1048 1119 1086 tui,
1137 1052 1202 1079 etc.

252 1130 323 1179 Sic
345 1142 390 1179 et
410 1130 479 1178 El.
508 1143 557 1178 XI
572 1167 583 1187 ,
609 1149 633 1177 a
656 1148 765 1178 vers.
792 1147 822 1196 9
845 1147 855 1174 ε

471 1228 617 1264 Fallitur
636 1228 699 1263 iste
718 1235 855 1269 tamen,
875 1242 944 1274 quo
964 1228 1078 1275 judice
1094 1229 1261 1263 nominor
1276 1232 1401 1264 Exsul..

517 1285 662 1319 Mollior
678 1292 729 1320 est
745 1285 883 1330 culpam
902 1298 1003 1330 poena
1019 1292 1136 1320 secuta
1153 1298 1268 1320 meam
1284 1313 1294 1329 ,
1310 1293 1374 1321 etc.

466 1340 540 1375 Nec
557 1342 661 1374 vitam
672 1365 680 1379 ‚
700 1352 766 1373 nec
780 1352 879 1383 opes,
897 1352 962 1374 nec
967 1339 1032 1384 jus
1050 1339 1137 1373 mihi
1151 1343 1235 1382 civis
1252 1339 1381 1374 ademit
1395 1353 1404 1381 ;

516 1396 608 1440 Quae
625 1395 738 1430 merui
753 1395 838 1429 vitio
855 1395 1002 1440 perdere
1019 1402 1143 1429 cuncta
1159 1407 1250 1430 meo,

469 1451 540 1487 Sed
558 1452 638 1496 quia
654 1458 794 1497 peccato
815 1450 948 1486 facinus
965 1463 1038 1485 non
1054 1450 1163 1485 adfuit
1180 1450 1227 1485 illi
1239 1477 1248 1494 ,

510 1508 568 1543 Nil
585 1508 650 1542 nisi
668 1520 725 1551 me
742 1508 860 1552 patriis
875 1507 974 1554 jussit
987 1508 1102 1542 abesse
1121 1507 1214 1541 focis.

468 1565 589 1609 thue
606 1563 677 1598 aliis
691 1590 699 1606 ,
717 1565 908 1607 numerum
924 1576 1074 1609 quorum
1089 1563 1342 1608 comprendere
1358 1575 1431 1597 non
1449 1568 1499 1598 est
1515 1589 1524 1606 ,

516 1619 718 1655 Caesareum
736 1632 870 1654 numen
884 1646 893 1662 ,
912 1615 959 1654 sic
974 1619 1083 1663 mihi,
1102 1619 1187 1653 mite
1203 1619 1281 1653 fuit.

474 1676 551 1721 Ipse
567 1684 772 1719 nummu,
789 1687 862 1709 non
879 1685 1028 1710 exsums
1044 1675 1156 1710 utitur
1173 1675 1208 1709 in
1225 1687 1281 1708 me

513 1732 666 1767 Nomine
684 1744 692 1765 ε
711 1738 786 1766 tuta
803 1744 866 1766 suo
884 1731 998 1776 judice
1015 1744 1116 1766 causa
1133 1737 1295 1774 meaest,
1312 1737 1377 1765 etc.

315 1817 437 1863 VIII.
462 1816 513 1862 In
525 1832 666 1879 pa’noe
678 1831 780 1861 vero
797 1825 965 1880 partem
980 1813 1171 1861 Nasonis
1187 1812 1292 1860 libri
1311 1829 1488 1867 venere;
1508 1811 1673 1877 quippe

255 1892 329 1959 qui
356 1911 381 1939 a
410 1891 554 1938 tribus
578 1888 824 1937 bibliothecis
862 1890 1017 1936 Romae
1048 1888 1241 1954 publicis
1275 1887 1432 1934 remoti
1470 1887 1588 1944 sint,
1622 1898 1673 1934 ut

250 1970 435 2035 ipsemet
458 1967 680 2034 queritur,
704 1966 838 2013 Trist.
866 1964 942 2012 lib.
971 1967 1062 2022 Ill,
1087 1965 1208 2027 Elegi
1236 1978 1277 2021 Ι,
1303 1964 1382 2012 ubi
1408 1964 1521 2012 liber
1541 1962 1670 2011 indu-

253 2044 386 2103 citur,
416 2043 540 2109 quasi
561 2042 752 2109 primum
775 2040 987 2106 Apollinis
1003 2039 1191 2088 Palatini
1209 2039 1527 2088 bibliothecam
1548 2039 1673 2088 adiis-

253 2132 340 2179 set,
364 2138 472 2168 vers.
495 2117 643 2183 60-69
665 2138 674 2165 :

516 2217 637 2251 Ducor
653 2215 695 2249 ad
711 2218 840 2249 intonsi
851 2213 998 2249 candida
1018 2213 1146 2259 templa
1162 2215 1239 2248 Dei.

475 2272 581 2317 Signa
597 2270 788 2316 peregrinis
804 2270 861 2303 ubi
878 2277 959 2304 sunt
978 2269 1109 2303 alterna
1127 2269 1298 2303 columnis

519 2326 657 2362 Belides
671 2352 679 2368 ,
697 2334 730 2360 et
747 2326 865 2360 stricto
881 2326 1045 2360 barbarus
1061 2339 1142 2360 ense
1160 2333 1258 2370 pater
1272 2327 1283 2346 ¹
1299 2338 1306 2359 :

474 2383 634 2429 Quaeque
653 2383 715 2416 viri
733 2382 835 2417 docto
854 2390 987 2416 veteres
1005 2395 1127 2426 cepere
1143 2381 1294 2426 novique

520 2438 688 2479 Pectore,
707 2437 845 2470 lecturis
862 2436 1073 2481 inspicienda
1091 2443 1221 2480 patent.

470 2493 684 2538 Quaerebam
700 2491 825 2526 fratres
843 2492 1012 2536 (libros),
1034 2490 1181 2536 exceptis
1196 2489 1322 2525 scilicet
1334 2490 1397 2526 illis
1411 2493 1426 2511 ²
1438 2518 1448 2535 ,

518 2549 617 2593 Quos
633 2561 715 2583 suus
732 2555 868 2593 optaret
883 2560 955 2582 non
971 2548 1127 2593 genuisse
1144 2559 1278 2591 parens.

293 2662 303 2681 ¹
329 2647 421 2693 Vi'de
438 2670 514 2703 quae
531 2659 728 2693 notavimus
746 2658 783 2692 in
801 2658 927 2692 Horat.
946 2656 1027 2692 Vita
1041 2682 1050 2700 ,
1067 2668 1142 2701 pag.
1160 2657 1223 2691 288
1240 2668 1313 2701 sqq.

289 2721 304 2740 ²
328 2719 402 2754 Lib.
419 2731 547 2764 nempe
564 2718 607 2753 de
630 2719 714 2753 Arte
734 2719 924 2753 Amatoria.

552 2810 569 2820 s
