1794 3100
214 236 294 277 180
657 235 709 275 P.
747 234 982 278 OVIDII
1019 234 1200 278 VITA

208 328 313 375 Haec
334 328 452 376 enim
475 327 587 375 male
611 325 663 374 cl.
690 327 757 375 vir
777 328 1006 392 conjungit
1031 348 1129 381 cum
1150 349 1258 378 vers.
1292 349 1345 397 71
1375 344 1419 380 et
1439 347 1530 398 722

426 425 525 460 Dum
541 425 682 471 loquor,
700 434 735 461 et
750 426 874 462 flemus
886 454 895 471 ,
913 428 996 462 caelo
1013 428 1238 465 nitidissimus
1255 430 1323 465 alto
1334 456 1343 474 ‚

465 487 571 520 Stella
590 487 700 531 gravis
717 487 817 523 nobis
830 514 839 531 ,
859 489 998 533 Lucifer
1011 496 1107 524 ortus
1124 497 1198 525 erat
1212 503 1222 532 ;

209 571 372 637 quibus
410 589 510 620 sane
543 570 761 633 significat
776 608 788 629 ‚
808 571 900 636 jam>
917 572 1170 621 adventasse
1192 573 1306 622 diem
1325 612 1336 632 ‚
1359 575 1424 623 uti
1448 587 1492 623 et
1518 594 1628 625 vers.

210 651 267 716 47
291 662 334 698 et
357 648 418 710 48
442 669 451 696 :

426 747 577 792 Jamque
595 760 703 782 morae
718 746 867 792 spatium
884 761 952 782 nox
962 751 1175 792 proeapitata
1190 735 1337 795 negabat
1354 775 1364 793 ‚

472 806 651 852 Versaque
668 808 709 842 ab
725 821 785 843 axe
800 821 863 842 suo
881 808 1059 843 Parrhasis
1074 809 1198 844 Arctos
1213 817 1288 844 erat
1303 812 1326 843 ¹.

206 893 270 939 At
290 892 454 939 Noster
488 891 757 939 carminibus
794 883 885 939 haec
917 892 1277 941 antecedentibus
1310 892 1422 941 clare
1445 893 1632 951 indicat,

206 965 392 1028 longum
419 966 524 1014 satis
557 986 691 1014 morae
727 968 918 1033 spatium
952 967 1007 1015 ad
1044 960 1230 1033 Lucfin'
1248 987 1415 1034 usque,
1442 976 1520 1017 seu
1548 969 1635 1016 diei

206 1054 407 1091 exortum
441 1041 575 1090 fuisse
594 1081 605 1100 ‚
642 1055 879 1109 postquam
902 1062 1029 1109 prece
1055 1043 1219 1091 Lunam
1239 1044 1327 1108 jam
1349 1044 1475 1092 altam
1503 1054 1631 1094 vene-

205 1131 327 1167 ratus
350 1118 494 1166 fuerat
514 1139 523 1165 :
545 1119 643 1168 vide
667 1139 776 1168 vers.
805 1119 965 1186 27—46.

271 1195 482 1243 Praeterea
508 1193 610 1243 licet
633 1195 824 1244 Calvisio
849 1195 1073 1254 daremus,
1099 1196 1310 1245 Ovidium
1332 1196 1409 1244 illo
1443 1196 1542 1245 loco
1565 1198 1633 1245 in—

204 1293 338 1322 nuere
356 1311 368 1330 ‚
394 1273 632 1322 discessum
655 1273 860 1322 incidisse
883 1286 990 1340 post
1011 1273 1185 1340 aliquot
1208 1273 1325 1331 dies‘,
1354 1294 1484 1340 quam
1506 1275 1634 1323 Luna

198 1352 326 1418 plena
346 1351 528 1409 fuisset3
549 1351 651 1399 inde
674 1362 818 1399 tamen
843 1370 934 1398 non
953 1362 1209 1417 sequeretur
1225 1354 1240 1408 ζ
1259 1350 1347 1398 hoc
1360 1342 1628 1416 plenilunium

207 1429 261 1477 ad
290 1428 505 1477 Octobrem
534 1429 688 1496 potius
714 1447 844 1494 quam
866 1427 999 1476 alium
1020 1447 1214 1476 mensem
1239 1439 1460 1494 spectare;
1491 1448 1546 1478 ne
1568 1428 1632 1476 di-

211 1525 303 1554 cam
317 1544 328 1563 ‚
334 1505 604 1571 plenilunium
618 1504 703 1552 alio
717 1505 853 1554 fuisse
875 1505 1069 1570 ejusdem
1086 1505 1249 1553 mensis
1267 1505 1335 1553 die
1355 1511 1388 1562 ²,
1406 1523 1475 1553 an.
1499 1507 1555 1554 U.
1579 1507 1628 1555 C.

210 1594 424 1642 DCCLXII,
451 1601 540 1648 quo
562 1601 664 1630 mox
684 1581 1080 1631 demonstrabimus
1103 1581 1292 1630 Nasonis
1314 1579 1511 1630 exsilium
1528 1599 1634 1631 eon—

209 1661 371 1724 tigisse.

275 1740 393 1787 Hinc
419 1751 481 1787 est
509 1740 628 1805 quod
657 1739 890 1788 Bucherius
914 1760 966 1788 ex
990 1740 1144 1788 eodem
1168 1739 1266 1788 loco
1292 1740 1500 1798 deducat,
1526 1742 1635 1789 Ovi-1

213 1815 334 1864 dium
358 1816 530 1864 circiter
553 1830 616 1864 XX
649 1817 862 1865 Novemb.
900 1816 1032 1882 hujus
1062 1816 1166 1863 anni
1207 1817 1349 1864 Roma
1372 1815 1632 1866 discessisse.

216 1915 239 1934 «
267 1893 415 1957 Quin,
441 1893 528 1950 ait,
552 1904 593 1940 et
616 1893 710 1959 ipse
731 1893 943 1959 quosdam
965 1893 1033 1941 sui
1052 1911 1104 1940 ex
1121 1892 1230 1940 urbe
1253 1893 1397 1940 Roma
1418 1893 1635 1942 discessus

214 1995 238 2014 »
267 1984 502 2030 caracteres
521 1972 698 2019 indicat.
722 1971 916 2019 Primum
932 1971 1065 2018 Trist.
1091 1969 1170 2018 lib.
1191 1972 1233 2028 I,
1250 1971 1372 2033 Eleg.
1395 1984 1475 2029 111,
1498 1992 1635 2045 quum

216 2071 238 2091 »
264 2049 391 2097 Luna
411 2059 622 2096 nocturnos
634 2049 720 2096 alta
733 2049 891 2114 regebat
907 2067 1027 2114 equos
1045 2083 1060 2098 ‚
1087 2048 1131 2095 id
1156 2060 1223 2096 est
1238 2086 1249 2105 ,
1274 2048 1518 2115 plenilunio
1532 2085 1544 2108 ,
1567 2049 1635 2097 uti

216 2150 239 2170 »
269 2126 423 2174 volunt
438 2164 449 2184 ‚
476 2127 597 2192 quod
619 2127 730 2174 circa
746 2140 808 2175 XX
822 2115 1082 2174 Novembris
1100 2126 1187 2175 hoc
1206 2146 1320 2175 anno
1337 2127 1416 2189 (in
1430 2147 1524 2193 quo
1540 2146 1634 2175 ver—

216 2230 238 2249 t»
268 2206 449 2270 samur)
473 2205 671 2267 contigit.
698 2206 810 2252 Item
829 2225 966 2271 quum
987 2204 1178 2271 Lucffer,
1208 2225 1284 2254 seu
1305 2207 1456 2253 Venus
1480 2204 1522 2263 ³,
1546 2205 1634 2253 ori-

258 2339 266 2358 ¹
292 2312 384 2371 >Vide
403 2337 533 2371 Lucan.
548 2335 605 2371 lib.
624 2335 689 2379 IV,
708 2349 795 2370 vers.
813 2336 889 2370 523.

259 2400 274 2418 ²
297 2398 434 2433 Scilicet
451 2409 514 2432 xxr
528 2398 664 2432 circiter
679 2397 852 2433 Octobris.

257 2457 271 2478 ³
295 2459 361 2491 Vix
376 2458 460 2492 mihi
478 2465 579 2504 poeta
594 2457 772 2492 videretur
783 2457 871 2492 adeo
882 2458 997 2493 stricte
1015 2457 1261 2504 intelligendus
1274 2483 1283 2501 ,
1305 2465 1343 2492 ut
1354 2458 1396 2493 ad
1413 2458 1516 2505 hujus
1529 2459 1635 2494 stellae

215 2520 330 2548 ortum
348 2513 573 2558 spectaverit;
592 2512 763 2557 siquidem
782 2513 905 2557 passim
925 2513 1076 2557 Laclseri
1091 2514 1234 2547 nomine
1257 2516 1359 2554 diem,
1383 2514 1503 2549 solisve
1521 2513 1633 2549 lucem

214 2568 251 2601 in
269 2580 396 2612 genere
414 2567 574 2611 indigitat
604 2568 752 2610 Noster,
782 2580 855 2601 non
875 2581 970 2602 secus
988 2581 1026 2603 ac
1050 2569 1104 2602 alii
1131 2576 1249 2613 poetae.
1267 2568 1341 2602 Nec
1357 2569 1460 2603 etiam
1477 2569 1514 2603 in
1536 2576 1634 2603 tanto

212 2624 307 2659 luctu
323 2623 436 2666 domi,
449 2624 517 2658 suis
531 2631 566 2658 et
580 2624 696 2658 amicis
710 2624 902 2659 valedicens
917 2625 1015 2659 aliter
1031 2626 1155 2670 potuit,
1169 2638 1273 2670 quam
1290 2626 1372 2660 lucis
1389 2625 1498 2660 dieive
1509 2633 1631 2660 exortu

213 2679 368 2721 novisse,
391 2677 543 2712 Luciferi
571 2691 632 2712 seu
655 2677 804 2712 Veneris
833 2678 967 2713 stellam
996 2679 1099 2713 fuisse
1127 2680 1198 2724 jam
1225 2686 1390 2714 exortam.
1415 2680 1487 2714 Suo
1511 2687 1629 2715 tamen

195 2735 447 2780 -unusquisque
468 2735 606 2769 fruatur
623 2734 773 2780 judicio;
793 2748 901 2779 quum
915 2735 951 2770 id
966 2735 1062 2780 parvi
1077 2737 1120 2770 sit
1135 2737 1197 2771 hac
1216 2737 1251 2771 iu
1272 2750 1310 2771 re
1329 2737 1511 2772 momenti.
