<?xml version="1.0" encoding="UTF-8"?>
<!DOCTYPE html PUBLIC "-//W3C//DTD XHTML 1.0 Transitional//EN"
    "http://www.w3.org/TR/xhtml1/DTD/xhtml1-transitional.dtd">
<html xmlns="http://www.w3.org/1999/xhtml" xml:lang="en" lang="en">
 <head>
  <title>
</title>
<meta http-equiv="Content-Type" content="text/html;charset=utf-8" />
  <meta name='ocr-system' content='tesseract 3.04.00' />
  <meta name='ocr-capabilities' content='ocr_page ocr_carea ocr_par ocr_line ocrx_word'/>
</head>
<body>
  <div class='ocr_page' id='page_1' title='image "./quaeextantomniao08oviduoft_0086.png"; bbox 0 0 1794 3100; ppageno 0'>
   <div class='ocr_carea' id='block_1_1' title="bbox 277 243 1487 524">
    <p class='ocr_par' dir='ltr' id='par_1_1' title="bbox 277 243 1487 524">
     <span class='ocr_line' id='line_1_1' title="bbox 277 243 1312 308; baseline 0.004 -19"><span class='ocrx_word' id='word_1_1' title='bbox 277 246 334 308; x_wconf 83' lang='lat'>76</span> <span class='ocrx_word' id='word_1_2' title='bbox 642 247 692 289; x_wconf 87' lang='lat' dir='ltr'>P.</span> <span class='ocrx_word' id='word_1_3' title='bbox 739 246 977 292; x_wconf 85' lang='lat' dir='ltr'>ov1D11</span> <span class='ocrx_word' id='word_1_4' title='bbox 1014 243 1312 293; x_wconf 77' lang='lat' dir='ltr'><strong>NASONIS</strong></span> 
     </span>
     <span class='ocr_line' id='line_1_2' title="bbox 462 463 1487 524; baseline 0.007 -6"><span class='ocrx_word' id='word_1_5' title='bbox 462 464 524 519; x_wconf 89' lang='lat' dir='ltr'>P.</span> <span class='ocrx_word' id='word_1_6' title='bbox 567 463 843 520; x_wconf 90' lang='lat' dir='ltr'><strong>OVIDII</strong></span> <span class='ocrx_word' id='word_1_7' title='bbox 891 465 1256 524; x_wconf 88' lang='lat' dir='ltr'><strong>NASONIS</strong></span> <span class='ocrx_word' id='word_1_8' title='bbox 1298 463 1487 524; x_wconf 87' lang='lat' dir='ltr'>VITA</span> 
     </span>
    </p>
   </div>
   <div class='ocr_carea' id='block_1_2' title="bbox 630 592 1329 637">
    <p class='ocr_par' dir='ltr' id='par_1_2' title="bbox 630 592 1329 637">
     <span class='ocr_line' id='line_1_3' title="bbox 630 592 1329 637; baseline 0.006 -10"><span class='ocrx_word' id='word_1_9' title='bbox 630 592 701 627; x_wconf 87' lang='lat' dir='ltr'>AB</span> <span class='ocrx_word' id='word_1_10' title='bbox 724 592 881 629; x_wconf 90' lang='lat' dir='ltr'><strong>ALDO</strong></span> <span class='ocrx_word' id='word_1_11' title='bbox 905 593 1008 629; x_wconf 85' lang='lat' dir='ltr'>Plo</span> <span class='ocrx_word' id='word_1_12' title='bbox 1033 594 1329 637; x_wconf 88' lang='lat' dir='ltr'><strong>MANUTIO,</strong></span> 
     </span>
    </p>
   </div>
   <div class='ocr_carea' id='block_1_3' title="bbox 542 716 1411 748">
    <p class='ocr_par' dir='ltr' id='par_1_3' title="bbox 542 716 1411 748">
     <span class='ocr_line' id='line_1_4' title="bbox 542 716 1411 748; baseline 0.005 -4"><span class='ocrx_word' id='word_1_13' title='bbox 542 716 597 744; x_wconf 83' lang='lat' dir='ltr'>Ex</span> <span class='ocrx_word' id='word_1_14' title='bbox 625 716 758 746; x_wconf 87' lang='lat' dir='ltr'><strong>IPSIUS</strong></span> <span class='ocrx_word' id='word_1_15' title='bbox 786 717 926 746; x_wconf 86' lang='lat' dir='ltr'>OVIDII</span> <span class='ocrx_word' id='word_1_16' title='bbox 954 717 1161 747; x_wconf 77' lang='lat' dir='ltr'>OPEMBUS</span> <span class='ocrx_word' id='word_1_17' title='bbox 1188 718 1411 748; x_wconf 77' lang='lat' dir='ltr'>COLLECTA.</span> 
     </span>
    </p>
   </div>
   <div class='ocr_carea' id='block_1_4' title="bbox 274 840 1693 1003">
    <p class='ocr_par' dir='ltr' id='par_1_4' title="bbox 274 840 1693 1003">
     <span class='ocr_line' id='line_1_5' title="bbox 277 840 1693 933; baseline 0.004 -26"><span class='ocrx_word' id='word_1_18' title='bbox 277 840 428 909; x_wconf 80' lang='lat' dir='ltr'><strong>FUIT</strong></span> <span class='ocrx_word' id='word_1_19' title='bbox 460 862 646 911; x_wconf 90' lang='lat' dir='ltr'>Ovidius</span> <span class='ocrx_word' id='word_1_20' title='bbox 669 863 973 913; x_wconf 86' lang='lat' dir='ltr'>Sulmonensis</span> <span class='ocrx_word' id='word_1_21' title='bbox 1010 885 1021 913; x_wconf 75' lang='grc' dir='ltr'><strong><em>ε</em></strong></span> <span class='ocrx_word' id='word_1_22' title='bbox 1062 866 1182 932; x_wconf 89' lang='lat' dir='ltr'>quod</span> <span class='ocrx_word' id='word_1_23' title='bbox 1218 866 1312 933; x_wconf 87' lang='lat' dir='ltr'>ipse</span> <span class='ocrx_word' id='word_1_24' title='bbox 1352 866 1413 914; x_wconf 88' lang='lat' dir='ltr'>sic</span> <span class='ocrx_word' id='word_1_25' title='bbox 1437 876 1623 914; x_wconf 82' lang='lat' dir='ltr'>testatur</span> <span class='ocrx_word' id='word_1_26' title='bbox 1644 864 1693 912; x_wconf 84' lang='lat' dir='ltr'>in</span> 
     </span>
     <span class='ocr_line' id='line_1_6' title="bbox 274 938 987 1003; baseline 0.006 -18"><span class='ocrx_word' id='word_1_27' title='bbox 274 938 520 997; x_wconf 81' lang='lat' dir='ltr'><strong>Tristibus,</strong></span> <span class='ocrx_word' id='word_1_28' title='bbox 550 939 627 987; x_wconf 91' lang='lat' dir='ltr'>lib.</span> <span class='ocrx_word' id='word_1_29' title='bbox 653 941 731 998; x_wconf 82' lang='lat' dir='ltr'>IV,</span> <span class='ocrx_word' id='word_1_30' title='bbox 756 941 878 1003; x_wconf 85' lang='lat' dir='ltr'>Eleg.</span> <span class='ocrx_word' id='word_1_31' title='bbox 905 954 956 989; x_wconf 86' lang='lat' dir='ltr'>lx</span> <span class='ocrx_word' id='word_1_32' title='bbox 977 961 987 989; x_wconf 76' lang='grc' dir='ltr'><strong><em>ε</em></strong></span> 
     </span>
    </p>
   </div>
   <div class='ocr_carea' id='block_1_5' title="bbox 490 1036 1419 1144">
    <p class='ocr_par' dir='ltr' id='par_1_5' title="bbox 490 1036 1419 1144">
     <span class='ocr_line' id='line_1_7' title="bbox 490 1036 1419 1083; baseline 0.001 -11"><span class='ocrx_word' id='word_1_33' title='bbox 490 1036 615 1072; x_wconf 88' lang='lat' dir='ltr'>Sulmo</span> <span class='ocrx_word' id='word_1_34' title='bbox 632 1037 718 1072; x_wconf 88' lang='lat' dir='ltr'>mihi</span> <span class='ocrx_word' id='word_1_35' title='bbox 734 1037 843 1082; x_wconf 79' lang='lat' dir='ltr'>patria</span> <span class='ocrx_word' id='word_1_36' title='bbox 860 1045 928 1080; x_wconf 84' lang='lat' dir='ltr'>est,</span> <span class='ocrx_word' id='word_1_37' title='bbox 947 1038 1066 1083; x_wconf 82' lang='lat' dir='ltr'>gelidis</span> <span class='ocrx_word' id='word_1_38' title='bbox 1080 1037 1276 1072; x_wconf 82' lang='lat' dir='ltr'>uberrimus</span> <span class='ocrx_word' id='word_1_39' title='bbox 1294 1037 1397 1073; x_wconf 81' lang='lat' dir='ltr'>undis</span> <span class='ocrx_word' id='word_1_40' title='bbox 1408 1063 1419 1081; x_wconf 84' lang='lat'>‚</span> 
     </span>
     <span class='ocr_line' id='line_1_8' title="bbox 536 1098 1296 1144; baseline 0.001 -12"><span class='ocrx_word' id='word_1_41' title='bbox 536 1098 648 1133; x_wconf 77' lang='lat' dir='ltr'>Msslia</span> <span class='ocrx_word' id='word_1_42' title='bbox 663 1099 723 1144; x_wconf 91' lang='lat' dir='ltr'>qui</span> <span class='ocrx_word' id='word_1_43' title='bbox 739 1099 857 1134; x_wconf 85' lang='lat' dir='ltr'>novies</span> <span class='ocrx_word' id='word_1_44' title='bbox 874 1099 977 1134; x_wconf 80' lang='lat' dir='ltr'>distat</span> <span class='ocrx_word' id='word_1_45' title='bbox 992 1100 1034 1134; x_wconf 92' lang='lat' dir='ltr'>ab</span> <span class='ocrx_word' id='word_1_46' title='bbox 1049 1100 1135 1135; x_wconf 83' lang='lat' dir='ltr'>urbe</span> <span class='ocrx_word' id='word_1_47' title='bbox 1153 1099 1274 1134; x_wconf 88' lang='lat' dir='ltr'>decem</span> <span class='ocrx_word' id='word_1_48' title='bbox 1287 1113 1296 1142; x_wconf 92' lang='lat'>;</span> 
     </span>
    </p>
   </div>
   <div class='ocr_carea' id='block_1_6' title="bbox 274 1164 1692 1316">
    <p class='ocr_par' dir='ltr' id='par_1_6' title="bbox 274 1164 1692 1316">
     <span class='ocr_line' id='line_1_9' title="bbox 274 1164 1692 1243; baseline 0.002 -22"><span class='ocrx_word' id='word_1_49' title='bbox 274 1186 318 1222; x_wconf 89' lang='lat' dir='ltr'>et</span> <span class='ocrx_word' id='word_1_50' title='bbox 338 1174 384 1222; x_wconf 86' lang='lat' dir='ltr'>in</span> <span class='ocrx_word' id='word_1_51' title='bbox 402 1175 545 1224; x_wconf 85' lang='lat' dir='ltr'>Fastis</span> <span class='ocrx_word' id='word_1_52' title='bbox 559 1213 570 1233; x_wconf 91' lang='lat'>‚</span> <span class='ocrx_word' id='word_1_53' title='bbox 593 1175 672 1223; x_wconf 93' lang='lat' dir='ltr'>ubi</span> <span class='ocrx_word' id='word_1_54' title='bbox 689 1176 818 1225; x_wconf 85' lang='lat' dir='ltr'>etiam</span> <span class='ocrx_word' id='word_1_55' title='bbox 836 1196 862 1225; x_wconf 88' lang='lat' dir='ltr'>a</span> <span class='ocrx_word' id='word_1_56' title='bbox 883 1176 1061 1243; x_wconf 88' lang='lat' dir='ltr'><strong>Solymo</strong></span> <span class='ocrx_word' id='word_1_57' title='bbox 1087 1164 1343 1225; x_wconf 71' lang='lat' dir='ltr'>Sulmnnem</span> <span class='ocrx_word' id='word_1_58' title='bbox 1362 1175 1692 1224; x_wconf 77' lang='lat' dir='ltr'>denominatum</span> 
     </span>
     <span class='ocr_line' id='line_1_10' title="bbox 279 1256 624 1316; baseline 0.009 -12"><span class='ocrx_word' id='word_1_59' title='bbox 279 1256 407 1316; x_wconf 85' lang='lat' dir='ltr'>dicit,</span> <span class='ocrx_word' id='word_1_60' title='bbox 428 1257 506 1306; x_wconf 90' lang='lat' dir='ltr'>lib.</span> <span class='ocrx_word' id='word_1_61' title='bbox 533 1260 624 1307; x_wconf 87' lang='lat' dir='ltr'>IV:</span> 
     </span>
    </p>
   </div>
   <div class='ocr_carea' id='block_1_7' title="bbox 493 1353 1493 1584">
    <p class='ocr_par' dir='ltr' id='par_1_7' title="bbox 493 1353 1493 1584">
     <span class='ocr_line' id='line_1_11' title="bbox 493 1353 1447 1404; baseline 0.001 -14"><span class='ocrx_word' id='word_1_62' title='bbox 493 1356 610 1400; x_wconf 84' lang='lat' dir='ltr'>Hujus</span> <span class='ocrx_word' id='word_1_63' title='bbox 624 1362 698 1391; x_wconf 80' lang='lat' dir='ltr'>erat</span> <span class='ocrx_word' id='word_1_64' title='bbox 716 1357 879 1404; x_wconf 82' lang='lat' dir='ltr'><strong>Solymus</strong></span> <span class='ocrx_word' id='word_1_65' title='bbox 897 1356 1049 1403; x_wconf 81' lang='lat' dir='ltr'>Phrygia</span> <span class='ocrx_word' id='word_1_66' title='bbox 1064 1364 1288 1391; x_wconf 70' lang='lat' dir='ltr'>eomes‘unus</span> <span class='ocrx_word' id='word_1_67' title='bbox 1307 1356 1349 1391; x_wconf 81' lang='lat' dir='ltr'>ab</span> <span class='ocrx_word' id='word_1_68' title='bbox 1365 1353 1447 1397; x_wconf 81' lang='lat' dir='ltr'>Ida,</span> 
     </span>
     <span class='ocr_line' id='line_1_12' title="bbox 538 1415 1300 1461; baseline -0.001 -10"><span class='ocrx_word' id='word_1_69' title='bbox 538 1417 571 1451; x_wconf 83' lang='lat' dir='ltr'>A</span> <span class='ocrx_word' id='word_1_70' title='bbox 586 1430 656 1461; x_wconf 91' lang='lat' dir='ltr'>quo</span> <span class='ocrx_word' id='word_1_71' title='bbox 672 1416 850 1453; x_wconf 75' lang='lat' dir='ltr'>Sulmonis</span> <span class='ocrx_word' id='word_1_72' title='bbox 866 1417 992 1452; x_wconf 85' lang='lat' dir='ltr'>moenia</span> <span class='ocrx_word' id='word_1_73' title='bbox 1007 1428 1140 1450; x_wconf 89' lang='lat' dir='ltr'>nomen</span> <span class='ocrx_word' id='word_1_74' title='bbox 1157 1415 1300 1450; x_wconf 84' lang='lat' dir='ltr'>habent.</span> 
     </span>
     <span class='ocr_line' id='line_1_13' title="bbox 494 1476 1354 1523; baseline -0.002 -12"><span class='ocrx_word' id='word_1_75' title='bbox 494 1476 672 1511; x_wconf 86' lang='lat' dir='ltr'>Sulmonis</span> <span class='ocrx_word' id='word_1_76' title='bbox 688 1476 789 1523; x_wconf 82' lang='lat' dir='ltr'>gelidi</span> <span class='ocrx_word' id='word_1_77' title='bbox 804 1477 940 1521; x_wconf 76' lang='lat' dir='ltr'>patriae,</span> <span class='ocrx_word' id='word_1_78' title='bbox 956 1476 1164 1511; x_wconf 84' lang='lat' dir='ltr'>Germanice</span> <span class='ocrx_word' id='word_1_79' title='bbox 1178 1502 1188 1520; x_wconf 91' lang='lat'>,</span> <span class='ocrx_word' id='word_1_80' title='bbox 1206 1482 1354 1510; x_wconf 68' lang='lat' dir='ltr'>nostrae:</span> 
     </span>
     <span class='ocr_line' id='line_1_14' title="bbox 538 1534 1493 1584; baseline -0.006 -12"><span class='ocrx_word' id='word_1_81' title='bbox 538 1538 601 1572; x_wconf 92' lang='lat' dir='ltr'>Me</span> <span class='ocrx_word' id='word_1_82' title='bbox 617 1537 784 1572; x_wconf 87' lang='lat' dir='ltr'>miserum</span> <span class='ocrx_word' id='word_1_83' title='bbox 794 1563 804 1581; x_wconf 89' lang='lat'>‚</span> <span class='ocrx_word' id='word_1_84' title='bbox 822 1537 984 1584; x_wconf 74' lang='lat' dir='ltr'>Scythico</span> <span class='ocrx_word' id='word_1_85' title='bbox 1000 1549 1104 1581; x_wconf 91' lang='lat' dir='ltr'>quam</span> <span class='ocrx_word' id='word_1_86' title='bbox 1120 1536 1240 1582; x_wconf 87' lang='lat' dir='ltr'>procul</span> <span class='ocrx_word' id='word_1_87' title='bbox 1257 1534 1313 1570; x_wconf 84' lang='lat' dir='ltr'>illa</span> <span class='ocrx_word' id='word_1_88' title='bbox 1328 1534 1402 1571; x_wconf 79' lang='lat' dir='ltr'><strong>solo</strong></span> <span class='ocrx_word' id='word_1_89' title='bbox 1415 1540 1468 1569; x_wconf 81' lang='lat' dir='ltr'>est</span> <span class='ocrx_word' id='word_1_90' title='bbox 1483 1534 1493 1566; x_wconf 69' lang='grc' dir='ltr'>ἒ</span> 
     </span>
    </p>
   </div>
   <div class='ocr_carea' id='block_1_8' title="bbox 283 1611 1693 1754">
    <p class='ocr_par' dir='ltr' id='par_1_8' title="bbox 283 1611 1693 1754">
     <span class='ocr_line' id='line_1_15' title="bbox 283 1611 1693 1680; baseline -0.002 -18"><span class='ocrx_word' id='word_1_91' title='bbox 283 1616 365 1662; x_wconf 84' lang='lat' dir='ltr'>Est</span> <span class='ocrx_word' id='word_1_92' title='bbox 393 1626 536 1663; x_wconf 90' lang='lat' dir='ltr'>autem</span> <span class='ocrx_word' id='word_1_93' title='bbox 569 1614 722 1664; x_wconf 81' lang='lat' dir='ltr'>Sulmo</span> <span class='ocrx_word' id='word_1_94' title='bbox 747 1615 791 1663; x_wconf 89' lang='lat' dir='ltr'>in</span> <span class='ocrx_word' id='word_1_95' title='bbox 819 1614 1040 1678; x_wconf 87' lang='lat' dir='ltr'>Pelignis‚</span> <span class='ocrx_word' id='word_1_96' title='bbox 1078 1613 1197 1680; x_wconf 91' lang='lat' dir='ltr'>quod</span> <span class='ocrx_word' id='word_1_97' title='bbox 1236 1613 1330 1680; x_wconf 89' lang='lat' dir='ltr'>ipse</span> <span class='ocrx_word' id='word_1_98' title='bbox 1362 1612 1425 1661; x_wconf 85' lang='lat' dir='ltr'>sie</span> <span class='ocrx_word' id='word_1_99' title='bbox 1466 1611 1513 1660; x_wconf 88' lang='lat' dir='ltr'>in</span> <span class='ocrx_word' id='word_1_100' title='bbox 1543 1611 1693 1660; x_wconf 87' lang='lat' dir='ltr'><strong>Amor.</strong></span> 
     </span>
     <span class='ocr_line' id='line_1_16' title="bbox 284 1691 684 1754; baseline 0 -15"><span class='ocrx_word' id='word_1_101' title='bbox 284 1691 361 1739; x_wconf 87' lang='lat' dir='ltr'>lib.</span> <span class='ocrx_word' id='word_1_102' title='bbox 388 1694 457 1750; x_wconf 86' lang='lat' dir='ltr'>II,</span> <span class='ocrx_word' id='word_1_103' title='bbox 483 1691 606 1754; x_wconf 19' lang='lat' dir='ltr'>Elueg.</span> <span class='ocrx_word' id='word_1_104' title='bbox 636 1705 653 1739; x_wconf 92' lang='lat'>1</span> <span class='ocrx_word' id='word_1_105' title='bbox 675 1711 684 1739; x_wconf 76' lang='grc' dir='ltr'>ε</span> 
     </span>
    </p>
   </div>
   <div class='ocr_carea' id='block_1_9' title="bbox 501 1787 1414 1894">
    <p class='ocr_par' dir='ltr' id='par_1_9' title="bbox 501 1787 1414 1894">
     <span class='ocr_line' id='line_1_17' title="bbox 501 1787 1414 1834; baseline 0 -11"><span class='ocrx_word' id='word_1_106' title='bbox 501 1789 588 1824; x_wconf 83' lang='lat' dir='ltr'>Haec</span> <span class='ocrx_word' id='word_1_107' title='bbox 603 1801 742 1834; x_wconf 88' lang='lat' dir='ltr'>quoque</span> <span class='ocrx_word' id='word_1_108' title='bbox 757 1789 955 1834; x_wconf 88' lang='lat' dir='ltr'>composui,</span> <span class='ocrx_word' id='word_1_109' title='bbox 973 1787 1124 1834; x_wconf 86' lang='lat' dir='ltr'>Pelignis</span> <span class='ocrx_word' id='word_1_110' title='bbox 1141 1795 1243 1823; x_wconf 78' lang='lat' dir='ltr'>natus</span> <span class='ocrx_word' id='word_1_111' title='bbox 1259 1788 1394 1834; x_wconf 74' lang='lat' dir='ltr'>aquosis</span> <span class='ocrx_word' id='word_1_112' title='bbox 1405 1813 1414 1831; x_wconf 91' lang='lat'><em>,</em></span> 
     </span>
     <span class='ocr_line' id='line_1_18' title="bbox 542 1848 1217 1894; baseline 0 -11"><span class='ocrx_word' id='word_1_113' title='bbox 542 1848 603 1883; x_wconf 89' lang='lat' dir='ltr'>Ille</span> <span class='ocrx_word' id='word_1_114' title='bbox 619 1861 684 1894; x_wconf 83' lang='lat' dir='ltr'>ego</span> <span class='ocrx_word' id='word_1_115' title='bbox 698 1849 863 1894; x_wconf 82' lang='lat' dir='ltr'>nequitiae</span> <span class='ocrx_word' id='word_1_116' title='bbox 878 1849 968 1884; x_wconf 85' lang='lat' dir='ltr'>Naso</span> <span class='ocrx_word' id='word_1_117' title='bbox 984 1855 1087 1894; x_wconf 85' lang='lat' dir='ltr'>poeta</span> <span class='ocrx_word' id='word_1_118' title='bbox 1101 1860 1189 1883; x_wconf 81' lang='lat' dir='ltr'>meae</span> <span class='ocrx_word' id='word_1_119' title='bbox 1207 1863 1217 1890; x_wconf 88' lang='lat'>;</span> 
     </span>
    </p>
   </div>
   <div class='ocr_carea' id='block_1_10' title="bbox 289 1927 853 1991">
    <p class='ocr_par' dir='ltr' id='par_1_10' title="bbox 289 1927 853 1991">
     <span class='ocr_line' id='line_1_19' title="bbox 289 1927 853 1991; baseline 0.005 -18"><span class='ocrx_word' id='word_1_120' title='bbox 289 1938 331 1974; x_wconf 88' lang='lat' dir='ltr'>et</span> <span class='ocrx_word' id='word_1_121' title='bbox 353 1927 399 1974; x_wconf 89' lang='lat' dir='ltr'>in</span> <span class='ocrx_word' id='word_1_122' title='bbox 425 1929 553 1976; x_wconf 85' lang='lat' dir='ltr'>tertio</span> <span class='ocrx_word' id='word_1_123' title='bbox 569 1966 580 1986; x_wconf 94' lang='lat'>,</span> <span class='ocrx_word' id='word_1_124' title='bbox 609 1928 732 1991; x_wconf 83' lang='lat' dir='ltr'>Eleg.</span> <span class='ocrx_word' id='word_1_125' title='bbox 757 1942 821 1977; x_wconf 83' lang='lat' dir='ltr'>XV</span> <span class='ocrx_word' id='word_1_126' title='bbox 842 1949 853 1976; x_wconf 94' lang='lat'>:</span> 
     </span>
    </p>
   </div>
   <div class='ocr_carea' id='block_1_11' title="bbox 289 2036 1698 2316">
    <p class='ocr_par' dir='ltr' id='par_1_11' title="bbox 289 2036 1698 2316">
     <span class='ocr_line' id='line_1_20' title="bbox 447 2036 1324 2085; baseline -0.005 -10"><span class='ocrx_word' id='word_1_127' title='bbox 447 2071 450 2075; x_wconf 86' lang='lat'>.</span> <span class='ocrx_word' id='word_1_128' title='bbox 507 2039 655 2073; x_wconf 81' lang='lat' dir='ltr'>Mantua</span> <span class='ocrx_word' id='word_1_129' title='bbox 673 2038 821 2085; x_wconf 83' lang='lat' dir='ltr'>Virgilio</span> <span class='ocrx_word' id='word_1_130' title='bbox 837 2038 980 2084; x_wconf 81' lang='lat' dir='ltr'>gaudet,</span> <span class='ocrx_word' id='word_1_131' title='bbox 1001 2039 1147 2073; x_wconf 83' lang='lat' dir='ltr'>Verona</span> <span class='ocrx_word' id='word_1_132' title='bbox 1163 2036 1324 2079; x_wconf 76' lang='lat' dir='ltr'>Catullo3</span> 
     </span>
     <span class='ocr_line' id='line_1_21' title="bbox 551 2098 1160 2154; baseline -0.002 -22"><span class='ocrx_word' id='word_1_133' title='bbox 551 2099 705 2144; x_wconf 79' lang='lat' dir='ltr'>Pelignae</span> <span class='ocrx_word' id='word_1_134' title='bbox 724 2099 834 2144; x_wconf 80' lang='lat' dir='ltr'>gentis</span> <span class='ocrx_word' id='word_1_135' title='bbox 850 2098 956 2144; x_wconf 88' lang='lat' dir='ltr'>gloria</span> <span class='ocrx_word' id='word_1_136' title='bbox 972 2098 1067 2154; x_wconf 83' lang='lat' dir='ltr'>dicar</span> <span class='ocrx_word' id='word_1_137' title='bbox 1083 2110 1160 2144; x_wconf 83' lang='lat' dir='ltr'>ego.</span> 
     </span>
     <span class='ocr_line' id='line_1_22' title="bbox 290 2169 1698 2242; baseline -0.004 -19"><span class='ocrx_word' id='word_1_138' title='bbox 290 2176 393 2223; x_wconf 87' lang='lat' dir='ltr'>Fuit</span> <span class='ocrx_word' id='word_1_139' title='bbox 414 2193 466 2223; x_wconf 85' lang='lat' dir='ltr'>ex</span> <span class='ocrx_word' id='word_1_140' title='bbox 488 2175 681 2242; x_wconf 87' lang='lat' dir='ltr'>equestri</span> <span class='ocrx_word' id='word_1_141' title='bbox 701 2187 830 2224; x_wconf 85' lang='lat' dir='ltr'>natus</span> <span class='ocrx_word' id='word_1_142' title='bbox 851 2174 1034 2234; x_wconf 81' lang='lat' dir='ltr'>famili-a,</span> <span class='ocrx_word' id='word_1_143' title='bbox 1069 2174 1168 2240; x_wconf 87' lang='lat' dir='ltr'>ipso</span> <span class='ocrx_word' id='word_1_144' title='bbox 1192 2172 1363 2223; x_wconf 85' lang='lat' dir='ltr'>dicente</span> <span class='ocrx_word' id='word_1_145' title='bbox 1388 2171 1437 2220; x_wconf 89' lang='lat' dir='ltr'>in</span> <span class='ocrx_word' id='word_1_146' title='bbox 1463 2171 1597 2221; x_wconf 83' lang='lat' dir='ltr'>Trist.</span> <span class='ocrx_word' id='word_1_147' title='bbox 1619 2169 1698 2219; x_wconf 90' lang='lat' dir='ltr'>lib.</span> 
     </span>
     <span class='ocr_line' id='line_1_23' title="bbox 289 2243 856 2316; baseline -0.005 -15"><span class='ocrx_word' id='word_1_148' title='bbox 289 2253 369 2311; x_wconf 84' lang='lat' dir='ltr'>IV,</span> <span class='ocrx_word' id='word_1_149' title='bbox 390 2252 514 2316; x_wconf 84' lang='lat' dir='ltr'>Eleg.</span> <span class='ocrx_word' id='word_1_150' title='bbox 538 2267 570 2300; x_wconf 85' lang='grc' dir='ltr'>Χ</span> <span class='ocrx_word' id='word_1_151' title='bbox 589 2272 599 2299; x_wconf 93' lang='lat'>:</span> <span class='ocrx_word' id='word_1_152' title='bbox 813 2245 821 2252; x_wconf 61' lang='lat'><em>⁰</em></span> <span class='ocrx_word' id='word_1_153' title='bbox 853 2243 856 2246; x_wconf 37' lang='grc'>’</span> 
     </span>
    </p>
   </div>
   <div class='ocr_carea' id='block_1_12' title="bbox 510 2344 1488 2452">
    <p class='ocr_par' dir='ltr' id='par_1_12' title="bbox 510 2344 1488 2452">
     <span class='ocr_line' id='line_1_24' title="bbox 510 2344 1488 2394; baseline -0.005 -10"><span class='ocrx_word' id='word_1_154' title='bbox 510 2349 548 2385; x_wconf 89' lang='lat' dir='ltr'>Si</span> <span class='ocrx_word' id='word_1_155' title='bbox 561 2349 643 2394; x_wconf 84' lang='lat' dir='ltr'>quid</span> <span class='ocrx_word' id='word_1_156' title='bbox 657 2349 692 2383; x_wconf 89' lang='lat' dir='ltr'>id</span> <span class='ocrx_word' id='word_1_157' title='bbox 708 2356 781 2393; x_wconf 83' lang='lat' dir='ltr'>est,</span> <span class='ocrx_word' id='word_1_158' title='bbox 797 2360 906 2394; x_wconf 89' lang='lat' dir='ltr'>usque</span> <span class='ocrx_word' id='word_1_159' title='bbox 921 2361 940 2382; x_wconf 93' lang='lat' dir='ltr'>a</span> <span class='ocrx_word' id='word_1_160' title='bbox 955 2347 1091 2393; x_wconf 82' lang='lat' dir='ltr'>proavis</span> <span class='ocrx_word' id='word_1_161' title='bbox 1104 2354 1204 2382; x_wconf 79' lang='lat' dir='ltr'>vetus</span> <span class='ocrx_word' id='word_1_162' title='bbox 1219 2345 1350 2380; x_wconf 80' lang='lat' dir='ltr'>ordinis</span> <span class='ocrx_word' id='word_1_163' title='bbox 1365 2344 1465 2380; x_wconf 82' lang='lat' dir='ltr'>heres</span> <span class='ocrx_word' id='word_1_164' title='bbox 1476 2370 1488 2388; x_wconf 84' lang='lat'>,</span> 
     </span>
     <span class='ocr_line' id='line_1_25' title="bbox 551 2406 1345 2452; baseline -0.004 -7"><span class='ocrx_word' id='word_1_165' title='bbox 551 2410 632 2445; x_wconf 92' lang='lat' dir='ltr'>Non</span> <span class='ocrx_word' id='word_1_166' title='bbox 648 2409 755 2444; x_wconf 88' lang='lat' dir='ltr'>modo</span> <span class='ocrx_word' id='word_1_167' title='bbox 770 2409 919 2444; x_wconf 80' lang='lat' dir='ltr'>sortunae</span> <span class='ocrx_word' id='word_1_168' title='bbox 934 2421 1082 2443; x_wconf 86' lang='lat' dir='ltr'>munere</span> <span class='ocrx_word' id='word_1_169' title='bbox 1094 2406 1203 2443; x_wconf 81' lang='lat' dir='ltr'>factus</span> <span class='ocrx_word' id='word_1_170' title='bbox 1217 2418 1345 2452; x_wconf 81' lang='lat' dir='ltr'>eques;</span> 
     </span>
    </p>
   </div>
   <div class='ocr_carea' id='block_1_13' title="bbox 295 2487 836 2548">
    <p class='ocr_par' dir='ltr' id='par_1_13' title="bbox 295 2487 836 2548">
     <span class='ocr_line' id='line_1_26' title="bbox 295 2487 836 2548; baseline 0 -12"><span class='ocrx_word' id='word_1_171' title='bbox 295 2499 339 2536; x_wconf 84' lang='lat' dir='ltr'>et</span> <span class='ocrx_word' id='word_1_172' title='bbox 361 2490 614 2548; x_wconf 86' lang='lat' dir='ltr'>Fastorum,</span> <span class='ocrx_word' id='word_1_173' title='bbox 639 2487 718 2536; x_wconf 89' lang='lat' dir='ltr'>lib.</span> <span class='ocrx_word' id='word_1_174' title='bbox 743 2489 836 2536; x_wconf 86' lang='lat' dir='ltr'>VI:</span> 
     </span>
    </p>
   </div>
   <div class='ocr_carea' id='block_1_14' title="bbox 518 2582 1470 2689">
    <p class='ocr_par' dir='ltr' id='par_1_14' title="bbox 518 2582 1470 2689">
     <span class='ocr_line' id='line_1_27' title="bbox 518 2582 1462 2632; baseline -0.004 -12"><span class='ocrx_word' id='word_1_175' title='bbox 518 2586 644 2622; x_wconf 86' lang='lat' dir='ltr'>Sancte</span> <span class='ocrx_word' id='word_1_176' title='bbox 660 2593 758 2632; x_wconf 77' lang='lat' dir='ltr'>pater</span> <span class='ocrx_word' id='word_1_177' title='bbox 777 2586 913 2632; x_wconf 81' lang='lat' dir='ltr'>patriae,</span> <span class='ocrx_word' id='word_1_178' title='bbox 934 2585 995 2620; x_wconf 85' lang='lat' dir='ltr'>tibi</span> <span class='ocrx_word' id='word_1_179' title='bbox 1013 2584 1108 2631; x_wconf 86' lang='lat' dir='ltr'>plebs</span> <span class='ocrx_word' id='word_1_180' title='bbox 1119 2610 1129 2629; x_wconf 86' lang='lat'>,</span> <span class='ocrx_word' id='word_1_181' title='bbox 1146 2583 1207 2618; x_wconf 83' lang='lat' dir='ltr'>tibi</span> <span class='ocrx_word' id='word_1_182' title='bbox 1221 2582 1316 2618; x_wconf 87' lang='lat' dir='ltr'>curia</span> <span class='ocrx_word' id='word_1_183' title='bbox 1329 2594 1462 2617; x_wconf 87' lang='lat' dir='ltr'>nomen</span> 
     </span>
     <span class='ocr_line' id='line_1_28' title="bbox 554 2643 1470 2689; baseline -0.003 -9"><span class='ocrx_word' id='word_1_184' title='bbox 554 2647 634 2680; x_wconf 87' lang='lat' dir='ltr'>Hoc</span> <span class='ocrx_word' id='word_1_185' title='bbox 650 2646 766 2681; x_wconf 85' lang='lat' dir='ltr'>dedit:</span> <span class='ocrx_word' id='word_1_186' title='bbox 782 2646 848 2682; x_wconf 90' lang='lat' dir='ltr'>hoc</span> <span class='ocrx_word' id='word_1_187' title='bbox 864 2645 1023 2681; x_wconf 84' lang='lat' dir='ltr'>dedimus</span> <span class='ocrx_word' id='word_1_188' title='bbox 1042 2658 1106 2680; x_wconf 83' lang='lat' dir='ltr'>nos</span> <span class='ocrx_word' id='word_1_189' title='bbox 1122 2643 1184 2679; x_wconf 79' lang='lat' dir='ltr'>tibi</span> <span class='ocrx_word' id='word_1_190' title='bbox 1200 2655 1334 2678; x_wconf 88' lang='lat' dir='ltr'>nomen</span> <span class='ocrx_word' id='word_1_191' title='bbox 1352 2655 1470 2689; x_wconf 84' lang='lat' dir='ltr'>eques.</span> 
     </span>
    </p>
   </div>
   <div class='ocr_carea' id='block_1_15' title="bbox 296 2722 1322 2785">
    <p class='ocr_par' dir='ltr' id='par_1_15' title="bbox 296 2722 1322 2785">
     <span class='ocr_line' id='line_1_29' title="bbox 296 2722 1322 2785; baseline -0.004 -13"><span class='ocrx_word' id='word_1_192' title='bbox 296 2724 415 2774; x_wconf 88' lang='lat' dir='ltr'>Idem</span> <span class='ocrx_word' id='word_1_193' title='bbox 440 2724 501 2773; x_wconf 88' lang='lat' dir='ltr'>ait</span> <span class='ocrx_word' id='word_1_194' title='bbox 521 2735 565 2772; x_wconf 87' lang='lat' dir='ltr'>et</span> <span class='ocrx_word' id='word_1_195' title='bbox 587 2724 633 2771; x_wconf 88' lang='lat' dir='ltr'>in</span> <span class='ocrx_word' id='word_1_196' title='bbox 656 2723 826 2783; x_wconf 87' lang='lat' dir='ltr'>Ponto,</span> <span class='ocrx_word' id='word_1_197' title='bbox 851 2723 927 2772; x_wconf 87' lang='lat' dir='ltr'>lib.</span> <span class='ocrx_word' id='word_1_198' title='bbox 951 2726 1031 2783; x_wconf 87' lang='lat' dir='ltr'>IV,</span> <span class='ocrx_word' id='word_1_199' title='bbox 1054 2722 1175 2785; x_wconf 85' lang='lat' dir='ltr'>Eleg.</span> <span class='ocrx_word' id='word_1_200' title='bbox 1197 2732 1292 2770; x_wconf 81' lang='lat' dir='ltr'>vm</span> <span class='ocrx_word' id='word_1_201' title='bbox 1312 2740 1322 2769; x_wconf 93' lang='lat'>:</span> 
     </span>
    </p>
   </div>
  </div>
 </body>
</html>
