1794 3100
238 241 322 295 242
665 241 715 283 P.
761 239 998 284 OVIDII
1045 238 1224 283 VITA

232 345 332 383 ante
354 334 472 382 hunc
497 353 658 383 annum
681 333 826 383 editos
849 351 962 391 esse,
989 351 1039 381 ex
1059 332 1137 380 lib.
1158 334 1228 390 II,
1254 332 1333 380 ubi
1351 342 1482 398 poeta
1507 333 1648 387 Tim:-

235 424 362 461 RIUM
388 410 539 464 laudat
557 430 634 460 ceu
659 410 920 477 templorum
940 411 1264 468 restitutor-em,
1286 429 1312 458 a
1335 427 1445 465 vers.
1471 409 1560 459 55:

448 509 624 554 Principio
640 509 769 546 mensis
784 536 793 553 ‚
812 509 973 556 Phrygiae
989 510 1207 546 contermina
1225 508 1331 544 matri

491 565 623 608 Sospita
638 563 788 608 delubris
803 564 929 598 dicitur
943 571 1042 599 aucta
1057 564 1166 598 novis.

449 618 554 654 Nunc
569 617 629 652 ubi
644 625 741 662 sunt,
759 618 822 652 illis
838 630 914 663 quae
929 625 1012 653 sunt
1028 625 1157 653 sacrata
1175 617 1330 652 kalendis
1343 644 1353 661 ‚

492 674 639 720 Templa
659 675 770 710 Deoe?
784 675 885 721 longa
902 675 1118 720 procubuere
1135 675 1202 710 die.
1256 705 1258 707 .

448 728 584 764 Caetera
602 742 645 764 ne
661 729 763 764 simili
782 728 1129 765 caderentlabesacta
1147 730 1248 765 ruina
1260 756 1269 774 ,

491 784 593 820 Cavit
607 789 740 821 sacrate·
750 785 894 831 provida
908 798 990 835 cura
1005 788 1123 830 ducis:

449 842 523 878 Sub
542 856 611 888 quo
626 842 777 877 delubris
794 842 943 877 sentitur
957 842 1052 877 nulla
1068 849 1236 878 senectus.

488 899 563 934 Nec
577 898 657 933 satis
676 904 727 933 est
742 898 903 933 homines
919 899 1076 944 ;·ohligat
1092 899 1147 933 ille
1163 894 1269 933 Deos.

444 955 675 1000 Templorum
682 958 831 999 positor,
847 954 1060 1000 templorum
1077 961 1192 989 sancte
1207 961 1370 998 repostor,
1391 959 1398 965 '

488 1010 543 1045 Sit
558 1010 718 1055 Superis,
737 1017 838 1055 opto,
856 1017 980 1045 mutua
997 1022 1079 1045 cura
1096 1008 1159 1043 tui.

230 1089 316 1136 Hic
339 1106 499 1153 nempe
519 1106 654 1153 quum
682 1086 872 1136 Ovidius
896 1098 1111 1145 notasset,
1136 1086 1317 1136 Junom's
1333 1087 1514 1153 Sospita,
1535 1098 1648 1143 tem-

228 1163 350 1230 plum
365 1202 376 1222 ‚
399 1164 516 1230 quod
534 1163 641 1212 olim
660 1164 977 1212 conterminum
994 1163 1075 1211 aedi
1090 1161 1285 1231 Phrygiae
1301 1163 1439 1213 mains
1460 1170 1488 1223 ¹,
1503 1164 1551 1213 id
1564 1177 1644 1224 est,

229 1242 416 1309 Cybeles
430 1281 442 1300 ‚
459 1242 650 1291 dicatum
661 1241 845 1290 kalendis
857 1241 999 1290 Juniis
1010 1241 1165 1299 fuerat,
1183 1243 1243 1289 ita
1254 1241 1453 1301 funditus
1464 1243 1649 1308 periisse

229 1320 406 1386 quando
430 1320 521 1368 haec
547 1320 769 1368 scribebat
785 1356 796 1377 ‚
825 1330 876 1367 ut
898 1330 1003 1367 tunc
1034 1318 1246 1384 temporis
1268 1337 1323 1366 ne
1349 1320 1538 1383 vestigia¹
1553 1319 1646 1386 qui-

228 1398 325 1458 dem
356 1397 475 1445 illius
506 1396 659 1463 templi
690 1407 998 1463 superessent;
1048 1395 1198 1454 addit,
1237 1395 1464 1462 providam
1495 1397 1649 1445 sacrati

227 1476 340 1524 ducis
353 1515 365 1532 ,
388 1475 474 1523 hoc
493 1487 558 1523 est
572 1512 583 1531 ‚
610 1474 884 1540 imperatoris
910 1473 1069 1521 Tiberii
1078 1484 1171 1520 tum
1190 1491 1334 1521 rerum
1347 1492 1559 1528 summam
1576 1493 1643 1536 ge-

227 1552 377 1610 rentis,
398 1571 544 1600 curam
562 1551 724 1599 cavisse
735 1587 748 1608 ‚
761 1569 815 1598 ne
831 1549 928 1597 talis
938 1549 1064 1598 ruina
1081 1549 1244 1597 caeteris
1258 1567 1436 1615 quoque
1446 1550 1643 1598 Deorum

227 1630 402 1696 templis
420 1630 690 1691 obtingeret3
711 1647 806 1694 quae
823 1627 1006 1694 proinde
1021 1627 1109 1692 jam
1126 1627 1377 1682 restituerat
1395 1649 1405 1676 ε
1423 1628 1537 1676 unde
1555 1630 1643 1677 Na-

229 1707 325 1756 soni
349 1706 508 1754 dicitur
528 1705 762 1770 templorum
780 1704 937 1769 positor
954 1715 998 1751 et
1021 1703 1221 1769 reposliffor.

291 1786 390 1831 Jam
410 1802 511 1831 vero
531 1782 711 1831 Tacitus
733 1788 749 1806 ²
776 1782 821 1828 in
843 1781 1026 1845 hujusce
1045 1781 1148 1828 anni
1166 1780 1273 1828 actis
1293 1779 1384 1828 haec
1402 1780 1456 1828 de
1475 1781 1644 1829 Tiberio

227 1863 405 1912 recitat:
426 1884 448 1903 «
462 1860 624 1909 Iisdem
638 1858 914 1925 temporibus
930 1859 1074 1905 Defim
1092 1857 1204 1905 aedes
1223 1868 1437 1905 vetustate
1453 1869 1532 1905 aut
1548 1858 1642 1920 igni

233 1963 255 1982 »
283 1938 492 1998 abolitas,
523 1948 774 2003 coeptasque
806 1936 863 1983 ab
897 1935 1127 1996 AugustO,
1165 1933 1376 1982 dedicavit
1407 1956 1417 1982 :
1447 1935 1609 1984 Libero
1627 1973 1639 1994 ‚

235 2038 258 2058 »
286 2015 543 2079 Liberaeque
568 2025 611 2061 et
634 2011 781 2060 Cereri
808 2011 931 2075 juxta
961 2010 1130 2058 circum,
1143 2009 1404 2068 maximum,
1429 2030 1559 2076 quam
1583 2012 1638 2059 A.

236 2116 258 2136 »
285 2091 573 2141 Posthumius
596 2090 783 2138 dictator
803 2100 976 2136 voverat
1003 2108 1013 2134 ε
1041 2087 1280 2153 eodemque
1304 2087 1351 2135 in
1375 2087 1474 2136 loco
1507 2089 1642 2137 aedem

236 2193 258 2213 »
284 2169 425 2219 Florae
440 2205 452 2226 ‚
478 2167 532 2215 ab
554 2166 693 2215 Lucio
719 2177 761 2212 et
782 2165 935 2212 Marco
961 2163 1169 2230 publiciis
1201 2163 1401 2213 aedilibus
1429 2165 1640 2213 constitu-

235 2269 258 2289 »
287 2258 374 2295 tam
392 2266 415 2292 .:
445 2256 491 2294 et,
509 2244 624 2291 Jano
648 2240 860 2306 templum
878 2278 890 2299 ‚
931 2240 1053 2305 quod
1082 2239 1200 2305 apud
1241 2239 1386 2288 forum
1417 2239 1640 2288 olitorium

273 2365 285 2383 ¹
312 2360 420 2406 Quod
436 2366 509 2394 erat
527 2346 564 2392 in
587 2364 707 2391 monte
726 2356 885 2390 Palatino
897 2382 906 2399 ,
933 2362 971 2389 ut
988 2354 1134 2400 ipsemet
1151 2354 1326 2400 Augustus
1345 2361 1489 2389 testatur
1507 2354 1543 2389 in
1560 2368 1644 2390 mo-

233 2423 403 2452 numento
420 2417 610 2461 Ancyrano
626 2426 634 2448 :
653 2415 769 2448 AEdem
785 2413 910 2446 Matris
927 2425 1053 2455 magna:
1069 2414 1104 2444 in
1116 2413 1246 2454 palatio
1252 2409 1336 2453 fici.
1365 2409 1499 2444 Ibidem
1517 2418 1553 2446 et
1572 2412 1644 2458 jam

234 2481 313 2515 ante
326 2475 538 2519 simulacrum
554 2473 670 2510 matris
685 2471 792 2503 Deam
812 2467 917 2502 fuisse
932 2493 942 2511 ‚
968 2466 1084 2501 scribit
1104 2465 1174 2500 Dio
1191 2465 1248 2499 lib.
1265 2465 1383 2500 LXVI
1402 2466 1444 2500 ad
1460 2479 1516 2501 an.
1538 2466 1584 2501 U.
1602 2465 1644 2500 C.

234 2540 353 2566 neem.
369 2528 501 2562 Idcirco
517 2526 747 2574 hallucinatur
765 2526 950 2571 qudinus,
969 2535 1112 2558 censens
1127 2521 1297 2556 Ovidium
1313 2521 1355 2556 de
1374 2522 1482 2556 altero
1500 2524 1644 2558 Iunonis

233 2581 370 2628 Sui-pt'toe
380 2583 510 2628 templo
520 2584 557 2617 in
569 2583 649 2617 foro
664 2581 802 2616 olitorio
812 2579 1077 2624 intelligendum
1088 2591 1159 2613 esse
1169 2604 1178 2621 ,
1192 2577 1234 2611 de
1252 2577 1334 2612 Ant.
1347 2577 1461 2612 Roma
1470 2604 1480 2620 ,
1499 2577 1555 2612 lib.
1571 2577 1640 2622 VI,

234 2653 307 2684 cap.
327 2650 403 2682 xw,
422 2651 497 2683 pag.
518 2640 582 2686 398
594 2665 604 2681 ‚
621 2645 656 2672 et
674 2638 731 2671 lib.
745 2637 822 2671 *VII
835 2663 845 2680 ,
861 2649 932 2681 cap.
949 2647 1009 2678 Ν,
1032 2648 1106 2680 pag.
1125 2635 1187 2677 432
1199 2659 1208 2676 ,
1236 2633 1409 2668 ediultal.
1426 2632 1532 2675 in-40.
1550 2632 1640 2667 Vide

237 2695 300 2730 hac
315 2694 356 2728 de
372 2707 409 2728 re
426 2693 467 2728 cl.
482 2695 652 2727 Boherelli
665 2697 764 2728 notas
775 2694 811 2727 in
822 2692 985 2727 celeberr.
1001 2690 1126 2725 Graevii
1143 2688 1242 2724 Praef.
1261 2696 1342 2723 tom.
1357 2689 1409 2722 IV
1420 2688 1503 2722 Ant.
1514 2688 1617 2722 Rom.

278 2758 292 2774 2
315 2754 442 2788 Annal.
460 2753 516 2787 lib.
537 2753 590 2797 ΙΙ,
606 2765 677 2797 cap.
695 2755 746 2798 49.
