1794 3100
558 239 684 283 PER
717 240 762 283 J.
799 239 1105 283 MAsson.
1494 243 1551 301 93

121 339 247 384 vocat
269 331 464 381 Velleius
491 337 528 389 ¹,
555 332 680 397 cujus
705 331 833 380 verba
850 369 862 390 ,
888 350 1115 398 perperam
1136 349 1164 379 a
1198 333 1559 381 commentatori—

119 411 207 460 bus
227 409 471 477 praeterita,
495 419 635 475 poetae
657 420 849 456 mentem
872 408 1071 475 apprime
1090 407 1327 455 illustrant.
1357 431 1379 451 «
1409 410 1556 468 MorS,

123 510 148 531 »
173 486 263 544 ait,
288 484 451 542 Drusi,
469 484 558 550 jam
579 483 750 550 pridem
774 496 1019 533 tumescens
1043 483 1211 533 bellum
1236 483 1443 533 excitavit
1464 488 1557 535 Ita-

126 587 152 610 »
181 564 316 614 licum
346 584 357 612 ε
384 562 549 630 quippe
571 563 620 610 L.
649 563 844 620 Caesare,
871 563 921 610 P.
950 560 1123 610 Rutilio
1151 579 1278 609 coss.·
1296 561 1459 610 abhinc
1481 583 1560 611 an—

126 667 150 688 »
176 663 263 697 nos
284 655 380 692 CXX
403 642 481 705 (id
504 653 597 699 est,
623 660 724 689 ann.
751 643 806 689 U.
835 641 886 689 C.
911 640 1137 704 DCLXIV.)
1158 641 1312 703 Quum
1330 640 1376 688 id
1396 641 1559 691 malum

125 745 150 766 »
163 722 228 771 jn
242 721 447 770 universa
461 717 587 767 Italia
600 718 656 767 ab
671 717 905 767 Asculanis
921 728 1050 776 esset,
1066 729 1174 766 ..iac
1190 717 1348 766 deinde
1362 739 1385 767 a
1398 721 1561 770 Marsis

126 824 150 845 »ι
177 812 429 867 exceptum,
449 797 496 846 in
515 817 669 847 omnes
687 808 963 864 penetrasset
979 795 1204 859 regiones,
1222 816 1339 846 arma
1352 799 1559 850 adversus

126 901 149 922 »
177 880 404 928 Romanos
430 878 596 943 (NB.)
622 876 751 943 cepit.
794 875 1000 939 Quorum
1033 886 1085 922 ut
1112 873 1289 923 fortuna
1321 888 1474 936 atrox,
1499 878 1561 927 ita

125 978 150 1000 >›
176 975 309 1005 causa
328 955 416 1004 fuit
436 954 690 1020 justissima.
721 951 888 1017 (NB.)
910 951 1128 1000 Petebant
1150 952 1264 1000 enim
1289 972 1383 1001 eam
1408 955 1560 1004 civita-

129 1057 152 1077 »
179 1045 292 1090 tem,
316 1030 692 1097 cujusimperium
713 1030 844 1078 armis
863 1029 1104 1077 tuebantur
1119 1065 1130 1086 ,
1162 1052 1184 1070 »
1209 1041 1252 1078 et
1274 1041 1439 1088 cetera,
1465 1052 1561 1098 quae

124 1109 244 1159 lectu
265 1109 410 1173 digna.
435 1106 519 1156 Vel
536 1107 642 1156 hinc
663 1127 766 1156 vero
787 1106 1019 1164 discimus,
1047 1125 1136 1173 quo
1152 1106 1248 1172 jure
1271 1109 1390 1156 Naso
1410 1122 1562 1158 noster

125 1186 410 1250 Pelignorum
433 1202 549 1232 anna
574 1183 734 1232 dixerit
756 1183 937 1232 honeSta.

192 1263 326 1312 Plura
348 1262 387 1311 si
412 1261 513 1328 quis
535 1261 589 1309 de
614 1260 812 1309 Sulmone
834 1261 1056 1327 requirat,
1091 1262 1370 1329 geographos
1396 1281 1559 1313 consu-

124 1340 213 1391 lere
222 1339 382 1389 licebit
393 1368 408 1398 ,
426 1338 495 1389 vel
513 1338 736 1388 Herculem
753 1337 1007 1404 Ctbsam'um,
1029 1338 1106 1404 qui
1122 1340 1370 1387 communis
1385 1342 1561 1408 utrique

125 1419 276 1487 patriae
297 1417 517 1486 prolixam
539 1417 645 1467 satis
669 1417 1036 1484 descriptionem,
1057 1416 1300 1483 praesertim
1326 1418 1473 1484 quoad
1491 1438 1562 1467 re-

124 1497 365 1548 centiorem
387 1507 553 1547 statum
579 1495 761 1553 attinet,
789 1494 881 1543 suis
903 1494 949 1542 in
978 1506 1158 1561 poetam
1180 1495 1563 1546 observationibus

124 1577 325 1644 praefixit.
345 1577 411 1625 Ea
428 1595 531 1625 vero
551 1575 704 1624 civitas
722 1592 839 1623 anno
860 1573 1037 1622 tandem
1055 1573 1257 1640 proxime
1278 1573 1429 1640 elapso
1443 1613 1455 1633 ,
1472 1595 1565 1624 aerae

125 1654 244 1718 vulg.
263 1665 466 1711 MBCCVI,
482 1665 606 1701 terrae
619 1663 747 1700 motu
766 1663 809 1699 et
822 1651 947 1699 hiatu
958 1651 1138 1718 penitus
1151 1651 1318 1700 corruit
1329 1653 1561 1720 periitque.

190 1733 272 1780 III.
310 1733 545 1780 NATALEM
574 1749 703 1778 suum
722 1747 875 1777 annum
896 1740 1049 1778 noster
1070 1730 1270 1796 proxime
1301 1730 1467 1779 indicat
1490 1750 1562 1779 eo-

127 1808 227 1859 dem
252 1810 444 1859 carmine
475 1826 558 1867 10,
585 1808 720 1856 Trist.
747 1806 826 1855 lib.
850 1808 929 1865 IV,
953 1827 1064 1856 vers.
1094 1807 1122 1854 5
1145 1819 1187 1856 et
1211 1807 1240 1854 6
1261 1829 1270 1857 :

344 1907 478 1942 <Editus
494 1906 550 1942 hic
565 1919 629 1952 ego
645 1919 743 1947 sum;
763 1919 830 1941 nec
844 1919 917 1940 non
933 1932 942 1949 ,
960 1914 1001 1941 ut
1018 1913 1178 1952 tempora
1195 1907 1291 1942 noris
1304 1933 1313 1950 ,

392 1967 519 2013 Quum
535 1967 661 2003 cecidit
679 1968 753 2002 fato
769 1970 892 2002 consul
907 1974 1052 2012 uterque
1071 1967 1144 2012 pari
1159 1982 1167 2010 ;

131 2044 296 2111 quibus
326 2045 532 2094 consules
570 2044 685 2093 clare
707 2045 1012 2108 designantur,
1039 2065 1154 2112 quos
1177 2046 1234 2094 ad
1258 2047 1377 2095 hunc
1401 2064 1565 2097 annum

129 2122 434 2189 adposuimus,
451 2123 637 2171 IIirtium
657 2135 700 2171 et
716 2123 916 2180 Pansam,
941 2124 1018 2190 qui
1034 2123 1155 2172 bello
1171 2124 1412 2182 Mutinensi,
1436 2125 1567 2174 simul

130 2219 230 2248 cum
249 2201 419 2249 Caesare
438 2201 707 2259 Octaviano,
726 2201 935 2250 adversus
953 2203 1017 2250 Μ.
1040 2202 1287 2251 Antonium
1308 2203 1567 2253 dimicantes

129 2275 264 2324 ambo
290 2275 569 2335 ceciderunt3
596 2277 776 2325 duobus
806 2297 966 2345 nempe
1002 2278 1164 2344 praeliis
1199 2279 1311 2327 circa
1344 2280 1567 2328 Mutinam

129 2353 282 2420 Apn'li
295 2372 444 2402 mense
460 2353 707 2402 commissis
722 2391 733 2413 ,
753 2354 916 2421 quibus
934 2356 1141 2404 consulum
1154 2357 1259 2404 aller
1273 2357 1315 2403 in
1333 2357 1439 2413 acie,
1465 2358 1570 2406 alter

123 2441 222 2498 post
234 2449 393 2498 paucos
411 2432 497 2480 dies
518 2451 574 2479 ecc
596 2432 765 2479 vulnere
787 2442 951 2481 mortem
974 2434 1083 2481 obiit.
1110 2439 1127 2458 ²

199 2511 343 2576 Cujus
367 2530 494 2560 casus
518 2510 768 2577 geminique
790 2512 1039 2560 certaminis
1068 2524 1242 2579 tempus
1273 2514 1409 2579 paulo
1440 2533 1567 2565 accu-

131 2589 270 2638 ratius
285 2627 297 2648 ,
325 2608 458 2656 quam
479 2588 614 2652 vulgo
636 2588 688 2637 fit
704 2626 715 2646 ,
741 2589 996 2655 exposuisse
1018 2609 1170 2638 verum
1202 2609 1344 2658 operae
1375 2593 1568 2659 pretium

177 2700 189 2721 ¹
214 2699 290 2734 Lib.
307 2699 364 2744 ΙΙ,
381 2713 455 2747 cap.
475 2703 515 2736 15
531 2714 539 2736 ι
555 2700 635 2735 vide
653 2707 689 2735 et
707 2700 802 2735 Flor.
822 2699 881 2735 lib.
897 2701 955 2737 111
967 2728 977 2746 ,
1002 2715 1076 2748 cap.
1095 2703 1156 2747 18,
1172 2710 1236 2739 etc.

178 2757 194 2776 ²
218 2754 374 2792 Velleius
392 2756 597 2793 Paterculus
609 2782 619 2801 ,
642 2757 700 2792 lib.
718 2757 755 2792 11
770 2783 779 2801 ‚
809 2770 882 2802 cap.
900 2758 953 2794 61.
