1794 3100
592 268 722 312 PER
755 269 798 312 J.
835 268 1134 314 MAssoN.
1485 273 1571 330 24,-

151 361 379 419 recensiti,
398 380 533 429 quum
548 361 601 411 de
616 361 811 424 Augusti
829 374 972 411 morte
991 362 1253 422 diceremus,
1276 366 1578 431 comprobant.

151 441 214 489 At
235 459 338 489 vero
362 458 454 489 non
477 440 650 489 videtur
669 452 809 507 poctae
830 441 978 489 verbis
997 453 1339 491 consentaneum
1358 482 1370 501 ,
1394 445 1430 492 si
1452 445 1585 494 adfir-

149 530 369 578 maretur,
402 537 502 568 eum
528 519 586 568 ob
611 518 763 568 oculos
787 519 1032 586 triumphum
1058 520 1193 570 modo
1227 521 1474 582 decretum,
1502 544 1585 573 nec

150 598 293 648 adhuc
316 598 524 658 ductum,
546 598 617 647 his
640 598 911 647 carminibus
932 598 1156 648 habuisse.

215 674 492 724 Alterutrum
516 687 661 724 tamen
685 673 840 737 seligat
871 674 1010 723 lector
1037 676 1235 724 eruditus
1252 715 1264 734 ,
1288 677 1394 726 satis
1426 679 1584 728 confu—

151 764 269 802 tatus
285 752 420 801 suerit
436 752 683 801 Bucherius
697 790 708 810 ,
737 752 805 800 uti
822 764 867 800 et
882 751 1089 801 Norisius
1102 791 1112 810 ‚
1131 753 1207 819 qui
1226 766 1583 816 autumaverunt,

149 830 308 880 Faslos
328 849 446 879 anno
474 832 532 879 U.
563 831 612 879 C.
636 843 833 888 DCCle,
857 829 925 878 vel
950 830 1124 878 demum
1148 831 1313 880 ovidio
1337 832 1558 884 exsulante
1573 874 1584 893 ,

149 917 197 954 at
215 907 424 970 Augusto
448 906 701 955 adhucdum
723 907 891 955 vivente
907 944 919 965 ,
942 906 989 954 in
1012 906 1154 955 lucem
1178 908 1363 957 venisse.

216 986 371 1051 Itaque
408 986 529 1033 Naso
560 984 606 1031 id
642 1003 755 1050 opus
782 1021 794 1042 ,
832 1002 911 1032 sua
948 984 995 1032 in
1026 984 1227 1033 exsilium
1263 985 1367 1048 suga
1401 999 1585 1054 ruptum

152 1062 315 1127 (Trist.
340 1060 417 1109 lib.
439 1063 506 1119 ll,
532 1080 556 1108 a
572 1080 682 1109 vers.
712 1060 804 1127 549
824 1068 862 1120 ),
887 1061 1114 1129 deinceps,
1135 1063 1267 1112 ethis
1286 1064 1465 1130 quidem
1483 1077 1587 1114 tem-

151 1138 365 1206 poribus,
390 1136 642 1186 absolutum
662 1174 673 1194 ‚
698 1136 922 1203 plerisque
955 1138 1116 1187 additis
1147 1157 1197 1186 ac
1229 1139 1410 1188 mutatis
1432 1178 1443 1198 ,
1487 1141 1590 1190 Ger·

151 1215 308 1264 manico
325 1214 486 1263 Caesari
504 1214 768 1280 inscriptum
784 1213 953 1280 publici
966 1214 1091 1279 juris,
1115 1215 1367 1264 adhucdum
1385 1217 1589 1268 exsulans

153 1304 197 1341 et
220 1291 355 1359 paulo
379 1301 479 1339 ante
504 1289 677 1339 obitum
696 1328 707 1348 ‚
731 1290 848 1338 fecit.
877 1293 1012 1339 Hunc
1035 1292 1152 1340 enim
1173 1293 1416 1360 principem
1434 1296 1589 1361 primis

149 1369 256 1420 libri
281 1371 301 1418 l
327 1368 595 1418 carminibus
617 1367 894 1436 interpellat,
921 1381 963 1417 et
985 1369 1040 1418 ad
1063 1369 1204 1418 sidera
1230 1370 1373 1428 tollit;
1405 1372 1522 1422 sicut
1542 1386 1587 1423 et

151 1449 249 1500 aliis
273 1449 321 1497 in
346 1448 480 1507 locis,
506 1466 554 1496 ac
577 1448 819 1514 praesertim
842 1446 929 1496 lib.
950 1450 1030 1508 IV,
1048 1449 1128 1497 ubi
1146 1448 1276 1499 etiam
1300 1451 1368 1500 sui
1390 1453 1589 1502 meminit

153 1527 325 1588 exsilii,
348 1527 459 1577 ver's.
485 1525 548 1575 80
569 1545 579 1574 :

369 1626 549 1662 Sulmonis
562 1624 666 1672 gelidi
682 1624 819 1672 patriae,
843 1626 1059 1665 Germanice,
1086 1618 1222 1661 nostrae.

410 1688 474 1723 Me
489 1687 676 1722 miserum!
692 1687 848 1733 Scythico
865 1698 971 1731 quam
985 1685 1104 1731 procul
1121 1687 1177 1721 illa
1192 1688 1266 1721 solo
1283 1686 1352 1722 est!
1440 1735 1443 1737 μ

371 1748 466 1794 Ergo
486 1747 578 1793 ego?
599 1753 671 1781 tam
686 1746 805 1792 longas
820 1745 881 1781 sed
898 1746 1075 1791 supprime
1088 1772 1097 1790 ,
1116 1746 1241 1791 Musa,
1259 1747 1439 1793 querelas;

410 1809 491 1844 Non
511 1807 574 1843 tibi
589 1814 672 1842 sunt
688 1813 811 1842 moesta
826 1819 921 1842 sacra
937 1807 1095 1842 canenda
1111 1806 1196 1855 lyra.

215 1897 274 1945 ΙΙ.
298 1895 367 1944 Ex
391 1893 480 1943 illis
503 1912 640 1961 porro
672 1891 753 1940 lib.
776 1893 799 1940 I
823 1891 1092 1954 carminibus
1118 1891 1261 1958 liquet
1277 1929 1288 1950 ‚
1314 1911 1465 1958 pacem
1497 1893 1584 1941 hoc

152 1988 347 2042 tempore
365 1993 446 2040 per
462 1973 615 2021 orbem
632 1971 769 2020 fuisse
787 1970 1076 2036 compositam
1093 2008 1104 2029 ,
1124 1970 1313 2037 ideoque
1331 1972 1360 2019 J
1363 1984 1445 2020 ANI
1465 1972 1582 2021 fores

153 2053 389 2102 obseratas.
414 2052 513 2099 Hoc
536 2049 713 2117 quidem
732 2049 978 2098 Bucherius
995 2048 1105 2097 vidit
1126 2067 1149 2096 a
1166 2061 1297 2115 poeta
1316 2049 1578 2114 significari,

154 2130 231 2179 sed
256 2130 302 2177 in
333 2147 386 2176 eo
417 2125 715 2175 hallucinatus
740 2137 833 2184 est,
871 2124 993 2191 quod
1028 2144 1120 2173 rem
1152 2125 1207 2174 ad
1239 2145 1403 2174 annum
1431 2129 1488 2175 U.
1532 2128 1581 2175 C.

154 2220 325 2257 DCCLIX
360 2203 523 2254 retulit.
558 2206 651 2252 Nec
680 2203 844 2252 rectius
879 2203 1145 2252 eminentiss.
1182 2205 1387 2254 Norisius
1412 2212 1423 2231 ¹
1451 2218 1580 2254 autu—

153 2285 308 2342 mavit,
335 2307 357 2328 «
393 2301 489 2350 quae
512 2281 565 2330 de
589 2282 704 2329 Jano
731 2279 882 2329 clauso
907 2278 1097 2331 Ovidius
1120 2281 1308 2342 cecinit,
1334 2302 1444 2349 pura
1471 2295 1579 2350 puta

158 2386 182 2407 »
206 2373 350 2430 poetae
384 2371 485 2408 vota
517 2357 731 2406 censenda
760 2376 883 2415 esse,
919 2357 1281 2425 triumphumque
1320 2360 1580 2408 Germanico

158 2463 181 2483 n
209 2437 435 2502 augurari;
455 2436 575 2504 quod
594 2434 735 2483 libros
752 2435 987 2482 Fastorum
1005 2433 1129 2483 exsul
1147 2435 1392 2501 scripserit,
1411 2435 1584 2485 vivente

157 2540 181 2560 »
209 2514 460 2564 adhucdum
492 2514 710 2576 Augusto.
747 2533 769 2553 »
808 2511 920 2574 Quae
943 2523 1009 2559 sat
1034 2529 1253 2577 superque
1289 2530 1341 2559 ex
1378 2513 1580 2578 superius

155 2593 366 2645 discussis
383 2591 699 2648 convelluntur,
716 2600 767 2637 ut
781 2587 835 2636 iis
848 2587 1022 2652 longius
1038 2587 1260 2636 immorari
1274 2586 1386 2654 o‘pus
1399 2607 1491 2636 non
1505 2589 1578 2638 sit.

219 2674 303 2721 Ill.
325 2672 540 2719 Praeterea
556 2668 699 2717 valide
718 2666 1014 2724 confirmatur,
1026 2667 1061 2714 F
1063 2678 1287 2715 ASTOMJM
1306 2664 1449 2715 libros
1461 2667 1582 2715 haud

199 2792 211 2810 ¹
237 2789 292 2824 De
313 2788 441 2823 Cenot.
460 2786 528 2821 Pis.
547 2797 621 2831 pag.
640 2796 713 2819 201.

311 2854 461 2900 VIII.
1284 2847 1336 2891 16
