1794 3100
539 224 628 267 ET
662 222 1174 267 PRAEFATI'ONES.
1488 226 1569 268 321

148 317 285 368 dimi
297 317 390 367 sint
401 317 423 382 (
436 335 576 384 quum
591 327 784 375 constet,
805 327 915 365 teste
926 315 1191 375 Macrobioe,
1212 315 1352 366 fastos
1365 317 1459 366 dies
1472 338 1577 385 pro-

146 401 299 459 festis,
323 400 419 450 sive
436 400 682 464 negotiosis
698 401 862 458 inesse,
889 401 967 466 qui
981 400 1104 449 festis
1124 419 1173 449 ac
1194 401 1330 450 sacris
1346 401 1580 452 adversan-

149 498 225 536 tur
238 487 286 552 ),
313 485 395 543 sed.
408 486 515 553 quia
535 485 752 552 ejusmodi
768 484 945 535 annales
961 523 973 544 ,
997 481 1134 552 quum
1159 486 1254 536 dies
1270 485 1409 536 fastos
1433 488 1579 536 nefas—

151 558 312 637 tosque
341 569 624 627 contineant,
648 569 797 618 decuit
825 589 850 618 a
874 569 1032 618 diebus
1061 569 1393 618 candidioribus
1415 588 1465 619 ac
1488 589 1579 619 me-

150 651 343 719 lioribus
370 651 606 701 nominari.
639 652 797 700 Fastos
832 664 981 701 autem.
1021 650 1114 700 dies
1156 651 1338 700 nefastis
1375 664 1581 719 praestare

132 733 528 798 *neminivdubimn
550 746 642 792 θεὶς
668 733 786 782 unde
809 754 835 782 a
855 736 988 783 Festo
1010 733 1225 801 Pompeio
1251 734 1354 783 festi
1373 734 1583 783 dicuntur

151 818 423 868 nefastorum
446 817 798 884 comparatione:
826 817 951 866 fastis
972 816 1089 866 enim
1111 816 1270 866 diebus
1285 855 1297 875 ,
1328 817 1479 865 eodem
1505 837 1585 866 au-

151 914 301 959 ctore,
319 900 515 967 jucunda
534 900 617 948 sari
638 899 800 949 licebat
819 920 830 959 ;
849 899 1045 949 νιῖιθίὶιεῐίε
1065 899 1264 967 quaedam
1288 920 1379 948 non
1408 900 1580 949 licebat.

154 985 307 1049 Quam
328 983 389 1032 ob
410 1002 588 1033 causam.
608 983 833 1032 Eusebius
856 1003 934 1032 eos
964 983 1111 1032 tristes
1133 983 1352 1050 adpellare
1381 1003 1471 1032 non
1500 985 1584 1032 du-

153 1067 295 1126 bitat3
314 1067 348 1116 ii
366 1067 486 1117 enim
504 1067 617 1123 dies,
640 1067 840 1133 quamvis
856 1068 1036 1133 proprie
1053 1067 1138 1115 atri
1159 1087 1253 1115 non
1271 1068 1380 1126 sint,
1401 1080 1452 1116 ut
1468 1080 1584 1117 recte.

157 1149 303 1199 Aulus
329 1148 502 1199 Gellius
535 1149 662 1197 docet
680 1185 692 1207 ,
731 1168 815 1216 pro
845 1147 1153 1212 abominandis
1190 1161 1334 1198 tamen
1365 1150 1587 1199 interdum

101 1254 106 1260 ·
158 1231 460 1299 accipiuntur,
497 1242 610 1279 teste
636 1230 958 1297 Porphyrion&
990 1232 1148 1279 Horat.
1181 1231 1269 1279 Ille
1301 1241 1341 1279 et
1373 1232 1526 1298 nefasto
1550 1243 1589 1281 te

151 1313 293 1380 posuit
308 1312 387 1362 die.
411 1312 604 1379 Statius,
629 1312 679 1360 in
696 1313 839 1361 Theb.
865 1311 895 1358 6
921 1332 931 1359 :
956 1312 1183 1378 Prospectu
1203 1314 1317 1361 visus
1336 1314 1590 1363 ahter-clusere

158 1396 327 1462 nefasto.
346 1395 463 1444 Sane
481 1396 716 1444 Fastorum
728 1395 1028 1443 inventionem
1048 1394 1253 1443 nonnulli
1270 1395 1461 1444 Eudoxo
1481 1397 1592 1444 Gni-

161 1479 241 1528 dio
262 1477 490 1541 astrologo
514 1478 741 1536 tribuunt,
766 1477 962 1526 Socratis
985 1478 1202 1536 auditori,
1229 1478 1460 1546 sodalique
1491 1479 1590 1528 Pla-

161 1561 306 1619 tonis;
330 1560 458 1628 quod
469 1579 680 1610 verume
698 1561 779 1619 sit,
799 1559 988 1609 aliorum
1005 1561 1065 1609 sit
1078 1561 1307 1626 judicium.
1323 1564 1457 1611 Hunc
1475 1575 1594 1611 certe

162 1644 340 1694 Servius
349 1643 507 1694 scribit
519 1644 714 1711 primum
732 1663 896 1692 annum
909 1643 1249 1710 deprehendisse
1271 1664 1281 1692 ε
1301 1665 1432 1712 quem
1449 1657 1593 1694 tamen

162 1727 459 1778 dubitandum
478 1746 571 1776 non
590 1739 676 1785 est,
693 1746 796 1775 eum.
806 1727 1006 1775 hausisse
1020 1727 1076 1775 ab
1092 1728 1317 1795 AEgyptiis
1329 1728 1591 1796 diseiplinis.

164 1811 436 1880 scriptorem
459 1822 604 1859 autem
632 1812 866 1859 Fastorum
892 1809 1029 1860 fuisse
1055 1813 1260 1860 Lucanus
1282 1823 1494 1871 testatur,
1519 1826 1594 1871 ut,

166 1896 260 1944 Nec
280 1913 393 1943 meus
409 1893 591 1943 Eudami
609 1894 981 1960 22hceturfaetz'bus
996 1913 1139 1942 annus.
1168 1895 1285 1943 Eum
1305 1896 1506 1945 Laertius
1528 1916 1597 1944 re-

166 1977 320 2027 sertin
343 1978 540 2045 AEgypto
557 1996 721 2025 annum
733 1997 870 2026 unum
892 1989 933 2025 et
951 1996 1123 2026 menses
1143 1990 1336 2045 quatuor
1354 1991 1571 2028 moratum
1585 2021 1594 2038 ‚

169 2073 319 2109 mento
343 2072 521 2109 attonso
550 2072 683 2127 atque
717 2060 976 2127 supercili0‚
1004 2073 1104 2109 octo
1128 2047 1345 2110 annorum
1366 2062 1598 2112 historiam

170 2142 398 2210 scripsisse
418 2163 428 2191 ε
451 2143 553 2209 qui,
572 2155 628 2191 ut
638 2142 781 2192 Aulus
801 2143 974 2194 Gellius
990 2145 1209 2204 meminit,
1228 2165 1320 2194 non
1333 2146 1476 2194 multo
1496 2160 1599 2213 post

170 2228 361 2275 Romam
393 2244 419 2273 a
456 2224 596 2273 Gallis
629 2237 800 2292 captam
814 2264 826 2284 ,
852 2227 1171 2294 obsessumque
1210 2228 1479 2294 Capitolium
1502 2268 1513 2286 ‚
1551 2230 1598 2277 in

170 2309 338 2360 Graecia
350 2307 615 2357 nobilitatus
631 2320 709 2357 est.
726 2308 846 2357 Illud
860 2308 1042 2376 planum
1055 2323 1135 2370 est,
1148 2311 1311 2378 priscis
1320 2313 1594 2378 temporibus

167 2393 223 2442 ad
246 2392 424 2441 Curiam
450 2391 704 2449 Calabram,
728 2391 808 2440 ubi
830 2404 1001 2442 tantum
1024 2413 1250 2443 sacrorum
1275 2395 1390 2443 ratio
1413 2396 1597 2458 gereba-

170 2488 255 2534 tur,
276 2488 476 2526 senatum
490 2475 638 2524 vocari
657 2473 839 2523 solitum
849 2513 862 2533 ‚
882 2487 925 2524 et
936 2476 1155 2543 populum
1167 2498 1190 2525 a
1202 2496 1305 2539 rege
1321 2478 1570 2527 Sacrificola
1585 2499 1594 2526 :

169 2571 221 2608 ut
244 2559 489 2625 (quoniam
510 2558 656 2621 adhuc
676 2557 778 2607 fasti
799 2577 892 2607 non
913 2560 1068 2624 erant)
1089 2560 1401 2609 sacrificiorum
1422 2581 1599 2628 praeno-

170 2654 343 2691 scerent
361 2642 476 2700 dies,
496 2662 545 2692 ac
558 2642 779 2691 ludorum.
800 2642 976 2690 Primus
993 2654 1138 2692 autem
1158 2645 1313 2693 Fastos
1332 2647 1378 2693 in
1393 2645 1598 2694 volumen

173 2724 373 2774 redactos
395 2724 638 2792 publicavit
656 2726 737 2774 Cn.
757 2723 958 2783 Flavius,
980 2726 1117 2792 Appii
1136 2727 1249 2776 Caeci
1268 2729 1431 2783 scriba,
1451 2729 1598 2777 invitis

274 2813 421 2856 VIII.
1312 2833 1335 2859 2
1351 2834 1362 2857 1
