1794 3100
736 241 903 287 IBIS.
971 261 976 267 ·
1487 246 1536 288 13

159 336 312 386 Tertia
334 335 557 384 fumantes
579 335 796 403 incoquet
811 336 915 400 igne
941 354 1086 399 genas.

96 414 241 466 Noxia
263 411 383 463 mille
407 412 557 462 modis
582 411 851 464 lacerabitur
872 413 1056 474 umbra,
1082 426 1267 482 tuasque

163 492 329 543 AEacus
352 491 400 540 in
423 510 579 559 poenas
602 491 863 556 ingeniosus
887 493 984 542 erit.

1477 520 1545 570 ⁴190

94 569 150 618 In
171 580 214 618 te
235 567 503 618 transcribet
524 579 722 617 veterum
747 580 969 618 tormenta
993 587 1172 618 reorum
1191 587 1202 617 ε

163 646 382 696 Manibus
406 645 605 714 antiquis
629 665 761 696 causa
781 646 945 713 quietis
970 646 1068 694 eris.

99 722 288 790 Sisyphe
303 760 315 781 ‚
342 722 414 771 cui
436 723 585 772 tradas
604 721 850 772 revolubile
870 721 1051 790 pondus
1064 760 1076 782 ,
1098 720 1315 782 habebis;

163 799 421 849 Versabunt
444 799 608 851 celeres
629 819 747 850 nunc
770 820 886 849 nova
908 800 1106 850 membra
1131 812 1254 849 rotae.

99 876 187 925 Hic
209 876 313 935 erit,
340 888 384 925 et
406 896 554 926 ramos
576 877 742 926 frustra
767 877 844 944 qui
869 888 1017 944 captet
1037 889 1080 925 et
1102 877 1271 926 undas:
1489 894 1548 941 195

158 952 251 1005 'Hic
272 956 558 1006 inconsumto
583 957 749 1006 viscere
772 968 924 1024 pascet
942 975 1077 1006 avem.

100 1036 193 1084 Nec
215 1035 372 1084 mortis
395 1054 551 1102 poenas
575 1055 698 1085 mors
721 1034 858 1084 altera
881 1034 1007 1083 finiet
1028 1034 1164 1100 hujus
1183 1074 1195 1094 ,

169 1113 382 1180 Horaque
403 1113 489 1163 erit
511 1114 648 1163 tantis
670 1113 829 1163 ultima
851 1112 977 1162 nulla
1000 1112 1139 1162 malis.

104 1190 213 1240 Inde
237 1209 321 1254 ego
345 1209 486 1258 pauca
508 1210 682 1249 canam;
708 1191 890 1241 frondes
914 1203 967 1241 ut
988 1192 1025 1240 si
1051 1192 1152 1258 quis
1173 1191 1222 1240 in
1245 1191 1351 1250 Ida,

169 1271 264 1319 Aut
282 1289 499 1320 summam
522 1270 696 1336 Libyco
725 1269 778 1319 de
800 1289 919 1319 mare
944 1282 1099 1337 carpat
1122 1289 1296 1337 aquam.

103 1349 218 1397 Nam
240 1367 386 1416 neque
411 1360 524 1416 quot
547 1348 678 1397 flores
699 1347 850 1398 Sicula
868 1359 1111 1398 nascantur
1132 1349 1182 1397 in
1205 1348 1353 1416 Hybla
1367 1388 1380 1407 ‚

171 1427 353 1492 Quotve
375 1427 508 1487 ferat,
533 1427 701 1487 dicam,
726 1439 843 1477 terra
869 1427 1032 1478 Cilissa
1054 1446 1223 1477 crocos.

106 1507 223 1565 Nec,
248 1526 388 1574 quum
411 1505 552 1555 tristis
570 1505 723 1574 hyems
749 1505 991 1574 Aquilonis
1014 1506 1240 1555 inhorruit
1260 1504 1361 1565 alis,

1488 1298 1552 1320 200

172 1584 323 1649 Quam
343 1583 485 1633 multa
505 1583 584 1633 fiat
606 1583 820 1647 grandine
845 1604 983 1635 canus
1003 1585 1164 1634 Athos.

155 1727 228 1763 ι9ο.
242 1716 371 1750 AEacus
385 1718 420 1751 in
426 1727 560 1760 panas.
571 1711 658 1758 Hic,
673 1714 796 1750 Minos

107 1773 144 1802 et
163 1766 450 1811 Rhadamantus,
473 1766 574 1802 Jovis
594 1773 630 1802 et
644 1766 797 1812 Europae

109 1818 189 1864 filii,
202 1820 295 1867 apud
306 1820 439 1856 inferos
451 1820 584 1867 judices
595 1827 690 1856 sunt.
704 1820 799 1855 ΖΑιι.

159 1887 230 1923 ι9ι.
270 1877 421 1913 Veterum
448 1879 615 1910 tormenta
642 1877 798 1909 virorum.

112 1927 272 1964 Reor-um*
287 1941 360 1964 esse
391 1928 618 1965 scribendum
649 1928 774 1963 monui
787 1955 797 1973 ‚

114 1979 204 2016 Fast.
219 1983 267 2027 V,
287 1995 334 2018 vs.
351 1982 428 2017 622.
450 1982 586 2018 Seneca
600 2009 610 2026 ,
643 1982 799 2017 Hercule

114 2031 254 2069 furente
265 2060 275 2078 ,
291 2034 335 2080 de
348 2034 473 2070 Minoe
483 2048 522 2070 ac
532 2033 799 2070 Rhadamanto:

116 2098 134 2114 «
152 2083 200 2119 Et
224 2085 283 2130 qui
302 2085 420 2121 fronte
441 2085 548 2121 nimis
570 2086 720 2122 crimina
744 2093 798 2121 te-

116 2135 201 2172 trica
208 2135 386 2182 Quaerunt
396 2164 406 2183 ,
419 2151 460 2174 ac
468 2146 604 2177 veteres
618 2139 801 2174 excutiunt

115 2200 206 2224 reos.
218 2204 234 2219 »
251 2189 353 2224 Idem
372 2190 640 2236 Agamemnone
662 2205 670 2227 :
688 2206 705 2222 «
726 2191 802 2227 Re-

114 2250 279 2288 putemus
300 2256 426 2279 omnes
438 2270 448 2284 ,
470 2257 556 2290 quos
574 2245 619 2280 ob
637 2245 801 2281 infandas

114 2308 243 2332 manus
259 2296 440 2342 Quaesitor
453 2310 544 2332 urna
557 2297 711 2335 Gnosius
725 2313 803 2334 ver-

113 2355 166 2384 sat
186 2362 275 2385 reos.
307 2364 325 2380 »
351 2349 590 2391 Claudianus,
620 2350 678 2386 lib.
701 2353 737 2388 11
764 2353 803 2387 in

115 2402 291 2440 Rufinum
314 2403 358 2439 de
376 2404 627 2439 Rhadamanto
643 2417 652 2440 ι
669 2419 687 2435 κ
705 2405 803 2441 Tum

115 2468 255 2502 quoque
266 2483 276 2500 ‚
289 2455 374 2492 dum
386 2457 652 2505 litesStygiique
664 2459 803 2504 negotia

116 2515 230 2544 versat
255 2508 356 2545 Dura
381 2508 469 2551 sori,
496 2518 702 2556 veteresque
727 2524 804 2546 reos

116 2575 159 2597 ex
174 2561 297 2597 ordine
316 2564 442 2609 quaerit
456 2590 465 2606 ‚
489 2563 665 2598 Rufinum
685 2564 805 2609 procul

116 2627 196 2652 ecce
214 2622 325 2650 notat.
345 2630 361 2646 »
380 2615 514 2652 Hnms.

166 2681 239 2715 ¹9²·
267 2669 430 2703 Mandas
453 2672 613 2715 antiquis.
642 2669 806 2703 Omnibus

119 2719 235 2755 Jureti
258 2719 390 2764 codex,
419 2728 453 2755 et
482 2721 585 2756 multi
613 2721 679 2757 alii.
698 2721 804 2756 Forte

120 2773 277 2809 sontibus
296 2777 452 2820 antiquis.
471 2774 605 2809 HEms.

843 1759 850 1765 .
910 1716 983 1764 196.
998 1718 1127 1752 Pascet
1139 1728 1230 1751 aves.
1243 1716 1351 1752 Auem
1367 1715 1441 1752 duo
1457 1725 1553 1753 vete-

864 1782 919 1804 res
934 1783 943 1812 ;
961 1775 997 1804 et
1012 1777 1119 1805 recte.
1141 1769 1277 1804 Hssms.

912 1834 986 1868 ¹99·
1003 1822 1045 1856 In
1063 1823 1140 1856 Ida.
1159 1823 1217 1856 Ab
1232 1823 1299 1856 Ida
1320 1820 1392 1856 duo
1410 1830 1554 1858 veteres.

911 1885 989 1907 200.
1010 1873 1059 1908 Ut
1075 1877 1109 1908 si
1127 1877 1202 1919 quis
1222 1879 1342 1918 carpat
1352 1873 1500 1918 frondes
1520 1879 1557 1910 in

865 1926 942 1960 Ida.
966 1925 1030 1960 Ida
1052 1926 1147 1974 sylva
1170 1926 1206 1960 in
1233 1924 1341 1961 Creta
1359 1953 1368 1970 ,
1396 1934 1435 1962 ut
1461 1935 1497 1963 et
1518 1927 1555 1962 in

867 1978 1023 2026 Phrygia
1046 1992 1054 2014 ε
1078 1980 1114 2014 in
1143 1979 1207 2014 hac
1230 1980 1421 2025 proceritas
1443 1981 1554 2016 arbo-

866 2044 947 2066 rum
963 2058 973 2075 ,
999 2038 1035 2067 et
1061 2032 1160 2078 copia
1182 2031 1220 2067 in
1242 2032 1475 2069 admiratione
1495 2043 1555 2070 est.

865 2087 977 2120 —De
991 2100 1085 2120 mare
1099 2088 1238 2133 Libyco.
1264 2086 1367 2122 Mare
1387 2088 1556 2136 Libycum

866 2138 962 2174 idem
982 2139 1190 2175 Africanum
1209 2139 1345 2175 dictum
1361 2147 1412 2175 est
1431 2156 1439 2184 ;
1468 2155 1559 2187 pro-

867 2193 1027 2229 tenditur
1042 2190 1078 2229 in
1094 2194 1304 2243 AEgyptium
1323 2207 1434 2240 usque
1454 2196 1557 2240 pela-

868 2259 996 2291 διημ-
1012 2247 1142 2294 Lz'byco
1158 2249 1201 2281 de
1215 2260 1316 2281 mare.
1333 2247 1450 2282 Prisce
1465 2273 1475 2290 ,
1493 2261 1557 2293 pro

869 2297 913 2334 de
929 2298 1040 2340 mari;
1064 2298 1175 2335 Caris.
1192 2299 1250 2334 lib.
1267 2300 1294 2334 I.
1314 2299 1469 2335 Dnssm.

915 2364 990 2386 202.
1022 2353 1125 2386 Terra
1151 2354 1280 2387 Cilrlssa
1301 2363 1428 2386 crocos.
1456 2350 1558 2388 Circa

871 2401 1066 2452 Corycium
1086 2404 1220 2439 Ciliciae
1238 2411 1399 2438 montem
1415 2417 1559 2439 crocum

870 2457 1045 2501 optimum
1064 2457 1214 2491 habetur
1227 2483 1236 2499 ,
1254 2457 1346 2491 inter
1357 2463 1481 2491 caetera
1494 2458 1559 2493 ele-

869 2508 1062 2542 ctissimum
1074 2534 1083 2551 ‚
1099 2508 1145 2541 ibi
1162 2506 1320 2554 Corycos
1336 2520 1414 2553 opp.
1431 2516 1501 2552 est,
1522 2516 1558 2543 et

870 2573 1002 2605 specus.
1030 2559 1185 2595 Crocum
1210 2567 1328 2595 autem
1353 2560 1560 2596 adolescen—

872 2619 946 2645 tem
974 2611 1099 2653 fuisse,
1130 2611 1255 2647 sabulae
1279 2612 1496 2656 ostendunt,
1522 2613 1559 2647 in

872 2662 1000 2698 florem
1018 2664 1070 2699 sui
1095 2664 1248 2699 nominis
1275 2672 1561 2700 transmutatum.

919 2719 996 2760 204.
1014 2720 1137 2754 Athos.
1157 2719 1267 2755 Mons
1284 2719 1472 2755 altissimus
1485 2720 1567 2754 Ma-

873 2771 1042 2807 cedoniae.
