1794 3100
259 237 344 293 240
687 239 738 281 P.
781 238 1020 285 ovlnn
1058 239 1235 284 viTA

258 331 552 400 proculdubio
576 332 780 382 carminis
803 334 964 397 gratia,
991 334 1111 402 quod
1132 333 1258 401 gelt'ce
1280 333 1334 381 ab
1360 350 1412 381 eo
1436 334 1675 383 concinna-

259 422 376 467 tum,
406 428 538 475 supra
559 409 760 459 vidimus.

324 489 379 534 V.
398 488 587 535 Caeteras
601 506 703 535 vero
719 487 911 552 ejusdem
926 488 1029 537 libri
1048 487 1272 555 Epistolas
1288 525 1299 546 ,
1320 507 1454 554 quum
1467 488 1676 555 temporis

263 575 378 612 notae
404 563 572 621 desint,
596 565 726 612 nobis
758 584 850 613 non
872 564 975 614 licet
1009 565 1065 614 ad
1092 576 1256 613 certum
1286 564 1476 627 adiigare
1500 582 1674 612 annum.

262 641 393 690 Patet
417 653 586 690 tantum
609 641 815 709 insuper,
840 655 908 691 ΧΗ
934 643 980 691 T
979 642 1136 690 uticano
1158 654 1262 708 post
1282 642 1472 704 Augusti
1507 641 1679 708 obitum

263 712 408 768 datam
430 737 547 775 esse,
572 738 624 767 ex
645 737 754 767 vers.
783 718 843 785 39
865 731 908 767 et
931 720 1006 780 [40.
1031 722 1096 768 Ea
1113 719 1269 768 deinde
1290 718 1514 786 posterior
1534 730 1600 767 est
1615 718 1680 767 de-

262 797 551 862 cima-quarta,
581 808 630 844 ut
654 795 830 845 collatio
853 796 993 844 docet.

790 911 839 923 m

992 910 1140 922 mmm

501 1007 609 1041 Anno
630 1006 671 1041 C.
688 1018 767 1042 xvn
782 1020 791 1048 ;
810 1007 857 1041 U.
875 1005 918 1041 C.
936 1015 1077 1040 nccmtx
1092 1019 1100 1048 ;
1121 1004 1240 1040 ovidii
1257 1016 1316 1039 ux
1334 1011 1369 1039 et
1386 1016 1440 1039 Lx.

361 1099 404 1133 C:
429 1098 650 1134 CAECILIO
674 1099 838 1142 RUFO,
864 1099 903 1133 L.
927 1096 1201 1134 POMPONIO
1227 1067 1427 1134 FLACCO
1455 1096 1590 1134 Coss.

333 1197 368 1243 I.
409 1196 746 1243 GERMANICUM
771 1195 843 1243 his
866 1193 1126 1243 consulibus
1158 1193 1218 1241 ad
1241 1206 1312 1242 VII
1343 1192 1506 1241 kalend.
1533 1192 1688 1242 Jum'as

269 1271 572 1337 triumphavisse
586 1270 637 1318 de
655 1270 870 1318 Cheruscis
880 1309 892 1327 ‚
921 1270 1156 1337 Chattisque
1170 1270 1481 1336 eLAngn'variak
1491 1307 1501 1325 ,
1519 1287 1688 1336 quoeque

268 1349 366 1396 alc'oe
389 1348 571 1396 nationes
598 1367 720 1416 usque
752 1348 812 1396 ad
836 1348 983 1397 Albim
1015 1349 1172 1404 colunt,
1215 1348 1374 1396 diserte
1404 1346 1537 1395 tradit
1561 1345 1690 1393 Taci-

272 1439 345 1475 tus
371 1434 399 1474 ¹.
430 1427 600 1475 Idcirco
627 1426 745 1475 haud
768 1438 867 1476 ante
891 1427 1011 1475 hunc
1030 1446 1191 1475 annum
1219 1426 1406 1491 Ovidius
1426 1427 1688 1475 FASTORUM

271 1504 413 1553 libros
437 1503 595 1561 edidit;
632 1503 849 1569 siquidem
873 1503 1000 1552 istius
1023 1503 1219 1569 tn'umphi
1236 1504 1433 1552 meminit
1454 1503 1535 1552 lib.
1559 1504 1606 1561 I,
1628 1501 1689 1550 sic

275 1581 422 1647 ipsum
442 1579 684 1646 adloquens
706 1579 886 1636 Janum,
914 1599 939 1628 a
954 1598 1065 1628 vers.
1094 1597 1184 1646 277
1209 1601 1220 1628 ε

488 1678 536 1714 At
553 1693 616 1714 cur
624 1692 713 1724 pace
726 1679 810 1714 lates
823 1706 833 1724 ,
849 1679 1022 1725 motisque
1037 1679 1224 1715 recluderis
1240 1678 1344 1715 armis
1355 1704 1364 1722 ,
1378 1685 1442 1714 etc.

275 1757 385 1806 Mox
409 1758 531 1806 Deus
555 1756 796 1823 respondet
817 1778 827 1805 ε

493 1856 584 1891 Pace
602 1855 697 1890 fores
713 1855 805 1890 obdo
816 1881 825 1899 ,
845 1868 889 1890 ne
908 1868 977 1901 qua
992 1855 1168 1891 discedere
1188 1855 1313 1901 possit3

538 1911 768 1958 Caesareoque
786 1915 844 1947 diu
863 1913 1009 1948 numine
1023 1915 1161 1948 clausus
1175 1926 1240 1947 ero.

277 1990 466 2055 Ipseque
488 2001 620 2056 poeta
641 1989 877 2054 subjungit
893 1990 950 2038 ad
973 1991 1280 2040 Germanicum
1300 2013 1310 2040 :

501 2083 600 2118 Dixit
612 2109 621 2127 ,
645 2090 681 2118 et
698 2083 866 2118 adtollens
883 2084 999 2119 oculos
1016 2074 1150 2119 diversa
1166 2091 1305 2120 tuentes
1316 2111 1326 2128 ,

538 2137 706 2183 Adspexit
721 2145 796 2173 toto
813 2138 981 2185 quidquid
1002 2140 1039 2174 in
1058 2139 1140 2173 orbe
1158 2139 1236 2174 fuit.

500 2195 571 2230 Pax
588 2202 663 2229 erat
675 2222 683 2238 ,
702 2202 738 2230 et
754 2199 873 2236 vestri,
896 2197 1093 2231 Germanice
1103 2224 1112 2237 ,
1130 2209 1231 2232 causa
1245 2198 1423 2241 triumphi:

538 2249 748 2285 Tradiderat
761 2251 908 2286 famulas
925 2252 997 2296 jam
1014 2251 1075 2287 tibi
1091 2254 1231 2286 Rhenus
1246 2261 1368 2297 aquas,
1386 2259 1449 2287 etc.

281 2331 499 2399 Equidem
521 2332 609 2397 jam
633 2333 687 2380 ab
712 2352 829 2381 anno
852 2336 908 2382 U.
933 2335 982 2383 C.
1010 2348 1283 2392 DCCLXVIII,
1309 2333 1534 2401 tn’umplzus
1555 2335 1629 2385 ille
1649 2337 1702 2384 de

288 2410 520 2458 Germania
547 2409 687 2458 eidem
708 2411 899 2478 principi
925 2412 1124 2464 decretus
1145 2414 1311 2470 fuerat,
1334 2424 1386 2460 ut
1407 2411 1502 2478 ipse
1521 2413 1703 2463 Tacitus

284 2498 383 2534 ante
410 2494 425 2511 ²
451 2500 698 2535 narraverat
720 2508 729 2536 :
749 2508 796 2536 ac
820 2490 1007 2554 proinde
1029 2490 1180 2554 saltem
1205 2489 1322 2537 haud
1347 2501 1446 2538 ante
1468 2491 1598 2539 istum
1623 2510 1705 2538 an-

286 2562 393 2611 num
418 2565 548 2612 Fasti
565 2566 744 2615 suerunt
766 2566 942 2630 vulgati.
968 2568 1103 2636 Quod
1126 2580 1168 2616 et
1188 2566 1263 2615 alii
1285 2567 1551 2617 characteres
1574 2588 1704 2636 supra,

327 2676 338 2694 ¹
359 2674 486 2709 Annal.
503 2675 560 2708 lib.
578 2676 635 2721 II,
655 2690 726 2723 cap.
746 2679 796 2721 41.

326 2731 342 2755 ³
365 2728 442 2764 Ibid
467 2743 539 2775 cap.
559 2731 613 2767 26.
