1794 3100
566 205 699 249 PER
731 206 775 248 J.
811 203 1116 248 MASSON.
1469 204 1557 261 245

134 290 432 369 prorsusest‚
457 298 620 348 ovidio
642 297 816 347 licuisse
841 310 927 347 tam
951 296 1083 360 longe
1107 297 1162 346 ab
1188 296 1327 346 exsilii
1360 297 1461 346 loco
1493 299 1560 347 di-

124 390 300 442 *vertere
316 415 328 436 ,
359 376 426 426 vel
452 377 581 426 etiam
606 377 712 425 dum
736 376 976 435 exsularet,
1002 376 1313 425 commercium
1344 394 1443 424 cum
1466 377 1564 425 aliis

78 457 83 463 ’
136 454 355 508 Romanis
376 453 480 503 illuc
503 453 843 503 adventantibus
860 453 1094 510 habuisse;
1119 452 1337 520 siquidem
1353 452 1439 501 hoc
1457 473 1564 503 nus-

135 549 272 599 quam
294 529 473 579 verbulo
493 530 651 579 innuit.
675 529 967 580 Verisimilior
991 542 1104 579 esset
1124 530 1251 579 Lazii
1275 538 1284 556 ¹
1314 531 1566 597 conjectura

139 607 194 658 de
215 608 396 658 Sabaria
421 608 654 658 scribentis
676 629 685 656 :
713 631 735 650 «
757 607 984 666 Relatum,
1006 608 1093 666 ait,
1114 621 1180 658 est
1196 607 1305 657 mihi
1328 608 1518 675 denique
1543 627 1569 656 a

144 707 169 730 »
194 685 280 736 fide
305 687 440 751 digno
461 706 588 745 sene,
610 686 822 736 Friderici
848 686 965 734 tertii
992 687 1176 736 Caesaris
1203 698 1328 736 aetate
1351 686 1570 736 tumulum

145 787 169 809 »
198 765 411 815 effossum
434 785 533 814 cum
554 766 732 815 ossibus
746 766 829 839 kin
853 766 977 832 cujus
996 767 1110 815 saxis
1133 766 1188 815 P.
1215 766 1359 815 Ovidii
1385 767 1573 816 Nasonis

146 865 170 886 »
199 843 419 911 adscripta
453 843 670 902 fuissent;
704 862 840 910 eaque
874 863 899 892 a
929 843 1148 893 Jauriensi
1181 843 1416 911 episcopo,
1448 844 1572 909 cujus

148 943 172 964 n
201 920 278 970 illa
293 933 362 970 est
377 921 596 980 dioecesis,
620 920 764 971 ablata
782 940 889 971 esse.
912 924 976 970 Ut
993 922 1254 971 credendum
1278 922 1355 979 sit,
1380 921 1576 971 exsulem

151 1024 174 1044 »
201 1001 427 1060 Ovidium,
439 1013 728 1068 posteaquam
744 1001 974 1068 impetrata
989 1003 1141 1066 gratia,
1158 1022 1180 1052 e
1194 1003 1343 1050 Ponto
1360 1001 1576 1059 rediisset,

151 1101 175 1121 »
202 1078 392 1128 Sabariae
413 1079 548 1127 rebus
570 1079 776 1127 humanis
800 1092 1049 1146 exemptum
1073 1098 1190 1138 esse,
1216 1091 1260 1127 et
1281 1079 1517 1146 sepultum.
1547 1101 1571 1121 »

153 1216 156 1218 ι
215 1158 302 1206 Sed
325 1158 417 1207 haec
439 1177 530 1206 non
565 1175 689 1207 secus
715 1177 764 1206 ac
792 1156 868 1205 illa
899 1176 997 1205 cum
1032 1158 1289 1225 Hieronymi
1322 1157 1576 1206 testimonio

151 1237 329 1286 adversa
353 1237 501 1285 fronte
533 1249 762 1303 pugnant;
798 1255 877 1285 nec
909 1235 1028 1285 ullus
1052 1236 1240 1294 dubito,
1278 1237 1386 1303 quin
1415 1236 1491 1285 illa
1525 1236 1580 1286 de

151 1315 307 1383 Nostri
325 1314 498 1364 tumulo
514 1314 703 1363 Sabaria·
719 1325 896 1381 reperto
913 1314 1239 1363 narratiuncula
1262 1315 1320 1363 sit
1334 1314 1389 1363 ad
1406 1313 1580 1363 fabulas

153 1415 206 1444 ex
227 1395 339 1444 mala
362 1394 516 1444 fraude
548 1406 675 1443 natas
704 1393 962 1457 ableganda.
999 1394 1116 1458 Quis
1149 1393 1279 1442 etiam
1302 1394 1372 1442 vix
1406 1395 1580 1443 eredere

154 1484 308 1540 posset
326 1512 338 1532 ,
364 1472 577 1522 Ovidium
602 1471 745 1520 Tomis
779 1470 1001 1536 sepultum
1029 1469 1191 1528 fuisse,
1218 1490 1354 1537 quum
1385 1470 1581 1518 animum

154 1550 389 1600 adverterit
409 1550 464 1599 ad
485 1550 577 1599 haec
595 1560 735 1617 poetae
758 1548 891 1597 verba
909 1586 921 1606 ,
950 1549 1085 1597 Trist.
1121 1548 1198 1597 lib.
1225 1551 1290 1597 Ill
1308 1588 1320 1608 ,
1345 1549 1467 1612 Eleg.
1492 1562 1551 1598 111
1569 1588 1582 1609 ,

156 1650 265 1680 vers.
292 1629 472 1697 61-77:
519 1681 521 1684 Α

376 1731 469 1767 Nam
486 1730 514 1766 si
531 1737 645 1765 morte
662 1742 783 1764 carens
801 1741 944 1765 vacuam
962 1728 1055 1764 volat
1070 1729 1158 1764 altus
1173 1729 1210 1763 in
1230 1741 1352 1763 auram

420 1788 592 1835 Spiritus,
611 1795 646 1823 et
663 1787 774 1823 Samii
787 1795 870 1822 sunt
883 1793 959 1822 rata
974 1785 1065 1821 dicta
1081 1786 1191 1828 senis;

343 1883 351 1892 ,
377 1846 478 1882 Inter
499 1844 706 1881 Sarmaticas
722 1844 885 1879 Romana
901 1841 1082 1888 vagabitur
1096 1841 1257 1884 umbras,

419 1901 559 1945 Perque
574 1899 666 1934 seros
683 1911 803 1933 manes
821 1897 955 1942 hospita
971 1909 1111 1941 semper
1128 1896 1204 1930 erit.

377 1955 467 1992 Ossa
481 1962 601 1990 tamen
618 1953 722 1990 facito
734 1965 840 1999 parva
853 1952 1056 1987 referantur
1071 1953 1108 1987 in
1124 1965 1214 1987 urna
1229 1964 1238 1986 ;

421 2012 480 2048 Sic
494 2024 559 2057 ego
574 2023 648 2046 non
665 2010 774 2046 etiam
789 2016 950 2044 mortuus
966 2007 1059 2043 exsul
1074 2021 1148 2043 ero.

380 2070 463 2106 Non
479 2074 572 2104 vetat
586 2067 653 2102 hoc
668 2068 874 2113 quisquam;
890 2066 1039 2101 fratrem
1054 2065 1224 2101 Thebana
1248 2073 1472 2112 peremptum

425 2125 636 2171 Subposuit,
653 2123 791 2160 tumido
808 2136 890 2170 rege
907 2129 1046 2158 vetante
1059 2148 1068 2165 ,
1084 2135 1194 2158 soror.

386 2183 503 2228 Atque
521 2193 562 2216 ea
579 2193 662 2215 cum
677 2179 766 2215 soliis
782 2186 818 2215 et
835 2180 964 2214 amomi
982 2177 1124 2225 pulvere
1141 2179 1247 2215 misce
1261 2204 1272 2222 ,

427 2238 539 2283 Inque
554 2239 743 2273 suburbano
757 2237 897 2272 condita
918 2249 1009 2282 pone
1026 2240 1120 2280 solo,·

384 2293 557 2339 Quosque
572 2293 665 2339 legat
680 2305 797 2327 versus
816 2291 916 2328 oculo
932 2299 1142 2338 properante
1164 2293 1275 2326 viator
1287 2319 1297 2334 ,

424 2349 626 2386 Grandibus
644 2349 679 2383 in
696 2347 823 2383 tumuli
839 2360 1017 2383 marmore
1035 2349 1128 2384 caede
1145 2349 1237 2383 notis
1255 2362 1262 2383 :

381 2407 458 2443 H1c
478 2417 551 2441 EGO
567 2416 635 2449 QUI
652 2413 767 2439 JAcsso
784 2415 1023 2440 Tzsnnonuu
1043 2416 1163 2441 Lusou
1178 2415 1348 2440 Amotmm

425 2464 588 2499 lnamuo
607 2472 710 2497 enan
731 2462 832 2497 NAso
846 2469 964 2497 POETA
980 2471 1071 2497 nno.

384 2522 441 2558 Ατ
460 2531 537 2557 'um
551 2547 560 2565 ,
579 2530 646 2563 QUI
662 2527 839 2563 TRANSIS,
861 2528 910 2554 lm
926 2529 984 2554 su
1000 2526 1146 2562 Gnavz,
1161 2527 1333 2560 Qmsqms
1347 2524 1513 2558 ΛΜΔετι,

426 2577 599 2619 Dxcmuz,
618 2576 783 2611 NAsoms
803 2585 995 2610 monum
1010 2582 1096 2610 ossA
1113 2583 1270 2609 cumm'r.

385 2634 468 2670 Hoc
482 2633 562 2669 satis
579 2632 617 2668 in
634 2631 773 2668 tumulo
789 2637 840 2667 est
850 2655 945 2665 .....

217 2734 227 2754 ¹
251 2730 327 2766 Lib.
342 2729 398 2765 cit.
419 2741 496 2775 pag.
513 2728 588 2776 967.
