1794 3100
238 225 320 279 114
658 227 707 269 P.
752 227 988 272 OVIDII
1034 228 1211 273 VITA

229 318 408 367 benium
419 355 430 374 ‚
446 318 640 385 scripsit3
655 319 733 367 ubi
746 320 900 367 doctus
915 319 987 370 ille
1000 321 1078 378 vir,
1098 340 1189 370 non
1201 321 1421 371 inficiante
1441 323 1632 382 Graevio‚

233 394 277 441 in
301 393 524 442 nonnullis
546 394 706 442 rectius
727 394 871 442 sentit.

959 491 1106 503 §wem

370 584 478 617 Anno
495 590 574 618 ante
593 582 635 618 C.
651 593 776 625 xxvn;
793 583 841 618 U.
858 582 901 618 C.
918 593 1112 627 nccxxvn3
1139 584 1259 620 Ovidii
1276 597 1339 621 xw
1355 593 1391 621 et
1406 597 1495 622 xvn.

287 677 329 712 C.
356 675 566 711 CAESARE
592 675 893 721 OCTAVIANO
919 677 991 712 VII
1007 704 1017 723 ,
1042 678 1095 714 M.
1119 677 1337 714 AGRIPPA
1361 679 1415 714 111
1441 677 1577 715 COSS.

295 776 327 821 Ι.
367 774 523 837 QUUM
543 791 594 821 ex
610 771 696 821 illis
710 773 763 821 ad
776 774 1043 840 superiorem
1061 794 1222 823 annum
1236 774 1454 833 discussis
1468 786 1634 840 pateat,

233 850 441 899 Ovidium
467 870 518 898 eo
532 888 544 908 ‚
569 849 636 899 vel
660 870 876 900 summum
899 851 986 899 hoc
1008 871 1148 910 anno,
1172 863 1302 918 togam
1323 851 1517 900 induisse
1537 851 1640 900 viri-

230 927 307 974 lem
321 966 332 983 ,
363 926 463 973 licet
485 926 572 973 huc
589 926 748 974 referre
774 945 868 991 quae
890 926 943 974 de
960 927 1112 975 Nostri
1135 939 1239 992 post
1257 927 1530 993 pubertatem
1547 939 1641 976 stu·-

229 1003 311 1052 diis
334 1003 548 1051 novimus.
592 1002 690 1050 Etsi
725 1021 826 1050 vero
858 1015 982 1068 pater
1001 1022 1026 1051 a
1049 1005 1278 1052 Musarum
1313 1002 1460 1052 inutili
1490 1003 1637 1052 studio

225 1099 408 1146 puerum
440 1079 527 1127 fere
552 1079 853 1136 deterruisset,
878 1091 929 1126 ut
957 1090 1038 1128 toto
1057 1081 1255 1129 Helicone
1282 1081 1442 1139 reltbto,
1478 1083 1638 1131 Noster

225 1157 412 1205 scribere
427 1167 658 1204 conaretur
669 1156 796 1204 verba
807 1156 941 1203 soluta
951 1155 1096 1213 modis;
1108 1168 1312 1214 attamen,
1323 1157 1420 1223 ipso
1436 1170 1636 1207 canente:

444 1254 576 1300 Sponte
592 1268 652 1289 sua
668 1267 809 1290 carmen
827 1267 994 1290 numeros
1011 1255 1170 1291 veniebat
1187 1255 1230 1291 ad
1245 1263 1360 1302 aptos:

492 1311 558 1354 Et,
577 1310 671 1355 quod
690 1310 845 1345 tentabat
864 1310 976 1345 dicere
988 1337 998 1354 ,
1017 1324 1134 1353 versus
1148 1318 1234 1345 erat.

227 1391 342 1439 Hinc
366 1389 476 1438 nihil
501 1389 659 1437 mirum
673 1426 685 1446 ‚
717 1390 753 1438 si
776 1388 911 1438 libera
929 1390 1015 1454 jam
1038 1401 1140 1451 toga
1161 1389 1364 1448 indutus,
1384 1390 1439 1438 ad
1462 1389 1637 1439 delicias

227 1467 375 1516 statim
398 1466 576 1514 redierit
600 1485 609 1523 ;

443 1563 675 1608 Induiturque
694 1563 849 1598 humeris
867 1577 947 1598 cum
965 1563 1034 1599 lato
1050 1577 1205 1609 purpura
1220 1563 1335 1598 clavo:

491 1620 537 1654 Et
554 1623 696 1655 studium
714 1621 813 1654 nobis
826 1646 835 1664 ,
854 1619 948 1665 quod
963 1619 1032 1655 fuit
1050 1626 1130 1654 ante
1145 1644 1155 1662 ‚
1172 1625 1291 1654 manet.

293 1702 349 1747 ΙΙ.
386 1697 537 1747 Nihilo
563 1710 707 1746 tamen
729 1698 874 1745 minus
896 1698 1015 1747 Naso
1040 1709 1208 1755 noster,
1235 1714 1318 1764 pro
1341 1696 1638 1746 adolescentu-

230 1779 372 1827 lorum
389 1778 459 1825 his
478 1776 750 1843 temporibus
770 1776 1086 1824 consuetudine
1098 1813 1110 1833 ‚
1130 1776 1354 1824 rhetoricae
1371 1774 1639 1841 professores

230 1857 414 1914 audivit,
439 1874 488 1903 ac
510 1855 898 1903 declamationibus
923 1873 969 1903 se
990 1855 1035 1901 in
1059 1870 1208 1902 eorum
1234 1852 1395 1901 scholis
1419 1853 1638 1911 exercuit,

232 1935 297 1982 uti
318 1953 401 1981 nos
426 1933 589 1980 Seneca
612 1944 737 1998 pater
759 1931 933 1988 docuit,
962 1930 1038 1978 lib.
1065 1932 1130 1987 ΙΙ,
1156 1931 1362 1977 Controv.
1391 1946 1471 1987 10,
1490 1930 1638 1978 ubide

228 2011 506 2075 jurejurando
529 2010 673 2057 mariti
697 2021 740 2056 et
765 2008 915 2058 uxoris
936 2025 1069 2069 agens
1090 2029 1099 2055 :
1127 2030 1148 2050 «
1172 2008 1319 2065 Hanc,
1351 2007 1431 2065 ait,
1458 2019 1638 2056 contro-

235 2113 256 2132 »
283 2089 464 2136 versiam
482 2087 657 2134 memini
675 2106 742 2133 me
760 2085 899 2133 videre
910 2085 1126 2133 .Nasonem
1149 2084 1384 2133 declamare
1405 2085 1524 2150 apud
1540 2087 1637 2134 rhe-

234 2188 255 2207 »
285 2178 422 2212 torem
434 2162 638 2210 Arellium
654 2162 857 2216 Fuscum,
881 2160 1191 2224 cujusauditor
1205 2161 1301 2208 fuit.
1320 2162 1430 2208 Nam
1446 2161 1639 2209 Latronis

235 2265 257 2283 »
285 2240 522 2287 admirator
554 2250 669 2295 erat,
704 2256 839 2303 quum
857 2237 1070 2285 diversum
1096 2249 1351 2303 sequeretur
1369 2237 1537 2284 dicendi
1560 2255 1636 2299 ge—

237 2342 258 2360 »
286 2337 397 2374 nus;
429 2317 620 2365 habebat
642 2317 755 2364 enim
786 2315 857 2362 ille
881 2328 1108 2373 constans,
1141 2327 1184 2362 et
1218 2316 1372 2364 decens
1394 2326 1437 2362 et
1455 2315 1640 2363 amabile

237 2418 257 2436 n
288 2395 521 2457 ingenium.
539 2394 693 2442 Oratio
709 2393 798 2457 ejus
809 2392 896 2456 jam
911 2404 1002 2439 tum
1023 2391 1133 2439 nihil
1149 2391 1267 2440 aliud
1287 2403 1458 2456 poterat
1477 2391 1636 2449 videri,

240 2494 261 2513 »
290 2491 419 2536 quam
444 2471 636 2520 solutum
670 2490 851 2518 carmen.
885 2469 1008 2517 Adeo
1032 2481 1172 2517 autem
1199 2467 1392 2517 studiose
1421 2468 1639 2516 Latronem

239 2570 260 2589 »
289 2548 477 2604 audivit,
501 2561 551 2595 ut
567 2547 726 2596 multas
746 2549 836 2612 ejus
855 2547 1088 2595 sententias
1106 2546 1151 2592 in
1168 2564 1316 2593 versus
1334 2564 1437 2593 suos
1455 2556 1640 2592 transtu-

240 2646 261 2666 »
290 2622 400 2671 lerit.
421 2626 473 2670 In
492 2644 709 2672 armorum
730 2624 894 2688 judicio
914 2624 1079 2670 dixerat
1095 2622 1225 2670 Latro
1244 2643 1257 2668 .·
1279 2622 1511 2670 Mittamus
1522 2638 1635 2670 arma

242 2723 261 2740 ³>
289 2701 334 2747 in
356 2701 830 2765 hostcssetpetamus3
857 2703 974 2750 Naso
994 2700 1102 2748 dixit
1122 2721 1144 2752 :-
