1794 3100
242 221 332 278 546
707 219 860 265 mss
877 220 1196 264 ERTATIO

239 316 301 357 Cl.
325 315 520 357 Morellius
552 314 652 354 inter
679 314 844 366 Augusti
867 315 1055 355 Nummos
1075 342 1086 363 ‚
1113 314 1180 354 aeri
1210 313 1363 368 quidem
1391 314 1532 355 incisos
1550 342 1564 365 ‚
1594 316 1661 357 sed
1690 349 1695 353 .

237 387 410 429 nondum
428 386 604 441 vulgatos
619 414 630 435 ‚
660 394 698 425 et
716 401 801 426 cum
824 385 991 440 ejusdem
1006 385 1188 439 principis
1211 386 1332 437 capite
1351 385 1635 438 representavit.

286 458 359 497 vl.
379 456 511 497 Alium
528 456 682 508 insuper
699 456 886 496 Modeano
901 457 1203 496 consentientem
1212 451 1334 497 'cele-b.
1353 455 1468 497 Joan.
1489 457 1663 498 Vatum

234 527 450 580 possidebat
462 542 473 576 ;
497 541 611 581 quem
632 535 757 566 tamen
774 526 933 577 ipsemet
955 527 1114 578 pessime
1139 527 1192 566 sic
1213 526 1411 578 descripsit
1434 531 1474 566 ¹‘:
1491 542 1516 564 «ε
1537 535 1661 569 ΠΟΛ-

235 618 256 636 »
284 608 399 641 ΛιΩΝ
416 607 675 640 ΚοΥΠΕΔῑοΥ
696 607 963 639 ΚΑΙΣΑΡΕΩΝ.
977 598 1106 638 Pollio
1119 597 1279 652 Cupedii
1294 600 1337 638 F.
1354 597 1633 645 Caesmenimnf
1645 626 1658 648 ‚

235 687 257 706 n
280 670 492 710 Palestinae.
520 670 645 720 Caput
663 669 830 723 Augusti
853 670 934 708 sine
953 669 1087 709 laurea.
1107 676 1380 710 ΜΕΝΑΝΔΡΟΣ
1401 677 1661 711 nummor-

236 758 257 775 »ι
281 740 487 781 Menander
495 739 683 796 Parrhasii
698 742 741 779 F.
758 739 960 790 Templum
973 747 1063 780 octo
1078 729 1338 780 columnarum
1354 752 1407 788 ‚a
1427 739 1565 781 dextris
1584 738 1661 785 'Ca-
1712 760 1715 766 ’

233 828 260 848 »
282 811 449 852 ducaeus.
466 830 486 847 υ
506 811 571 850 Ad
584 811 745 851 eundem
759 818 943 862 provocat
958 811 1019 851 Ill.
1033 812 1282 864 Spanhemius
1296 811 1338 850 in
1350 811 1505 860 Noviss·
1522 810 1663 863 Opwis

233 882 280 922 de
294 883 430 923 Praest-
451 883 569 922 Num.
587 890 683 921 tom.
708 896 724 921 1
742 910 754 930 2
777 896 815 932 p.
837 879 888 929 54
902 909 914 929 ,
938 889 1020 922 not.
1043 896 1159 936 marg.
1180 882 1269 922 dum
1286 881 1327 920 in
1346 882 1431 933 ipso
1453 889 1560 923 textu
1577 881 1661 921 haec

232 952 366 993 scribit
387 968 397 991 ε
421 953 562 992 Exstat
585 967 673 993 vero
696 954 736 991 in
763 952 872 991 Gaza
897 953 1073 992 Medicea
1099 953 1198 992 alius
1222 953 1348 992 adhuc
1366 960 1405 992 et
1424 953 1628 1004 singularis
1641 980 1656 1000 ,

232 1025 298 1078 qui
315 1022 427 1075 hujus
450 1023 659 1062 Menandri
681 1022 870 1062 Parrhasii
878 1022 963 1075 filii
984 1023 1111 1062 itidem
1133 1024 1302 1062 meminit
1321 1036 1495 1061 nummus
1518 1037 1532 1060 .·
1557 1022 1660 1076 {aque

229 1095 274 1134 in
291 1094 419 1132 eadem
441 1093 530 1132 urbe
553 1092 729 1132 Caesarea
745 1100 782 1132 et
797 1093 865 1132 sub
887 1092 1057 1144 Augusto
1079 1093 1252 1133 similiter
1264 1107 1465 1147 percussus
1490 1107 1503 1131 .·
1528 1094 1569 1142 in
1589 1106 1660 1146 quo

231 1163 321 1203 hinc
342 1172 558 1207 ΠοΛΛΙΩΝ
581 1173 835 1205 ΚοΥΠΕΔιοΣ
854 1172 1107 1205 ΚΑΙΣΑΡΕΩΝ
1123 1192 1135 1213 ‚
1161 1160 1291 1204 Pollio
1314 1163 1508 1215 Cupedius
1529 1149 1659 1205 Caesa-

231 1235 414 1276 riensium
430 1264 442 1284 ‚
467 1250 555 1275 cum
577 1235 743 1286 Augusti
762 1237 883 1288 capite
897 1253 913 1283 ,-
943 1236 1051 1275 illinc
1074 1242 1187 1289 caput
1212 1235 1434 1283 barbatum,
1460 1249 1544 1282 cum
1572 1235 1659 1281 ins-

231 1308 434 1360 criptione,
459 1315 733 1359 MENANAPOE
767 1316 987 1348 ΠΑΡΑΣῙΟΥ
1003 1336 1015 1356 ,
1039 1307 1254 1347 Menander
1274 1296 1657 1355 ParrhasijssQuihus

230 1378 273 1416 in
292 1376 416 1419 verbis
437 1377 545 1428 plura
574 1385 666 1417 sunt
693 1385 810 1417 errata
825 1407 837 1426 ‚
863 1385 907 1417 ut
933 1392 977 1417 ex
1005 1378 1178 1428 superius
1199 1376 1387 1420 adnotatis
1413 1377 1547 1430 liquet·
1572 1378 1656 1417 Nec

231 1446 386 1486 dubium
404 1455 461 1487 est
478 1475 490 1495 ‚
511 1447 607 1500 quin
632 1447 694 1487 Cl.
705 1447 774 1485 Vir
796 1446 875 1485 aliis
890 1446 1042 1500 majoris
1065 1447 1252 1495 momenti
1272 1445 1438 1500 negotiis
1457 1446 1656 1492 distraetus

231 1533 274 1558 ea
289 1517 496 1566 correxerit
509 1546 521 1567 ‚
538 1531 584 1557 ex
597 1517 687 1558 loco
705 1517 743 1556 V
740 1517 907 1556 aillantii
923 1531 944 1555 a
958 1531 998 1556 se
1012 1517 1173 1571 allegato
1184 1545 1195 1566 ‚
1214 1527 1301 1570 quae
1316 1516 1463 1572 legebat
1476 1517 1519 1563 in
1538 1510 1658 1563 ΘΜ

231 1589 416 1629 Mediceoe
434 1589 620 1642 Catalogo
636 1617 648 1637 ‚
669 1602 783 1641 quem
801 1588 899 1638 apud
919 1602 1006 1627 eum
1022 1587 1159 1638 saepius
1178 1587 1274 1636 vidi;
1291 1589 1324 1628 si
1340 1588 1495 1642 quidem
1510 1589 1658 1640 impe&

230 1669 315 1700 tum
329 1659 400 1699 sibi
406 1661 616 1700 Nummum
625 1658 740 1698 fuisse
752 1686 765 1708 ,
782 1673 862 1697 non
876 1658 1029 1697 indicat.
1042 1658 1228 1698 Praeterea
1243 1658 1284 1697 in
1299 1647 1447 1703 schedis
1460 1659 1658 1710 ipsiusmet,

229 1745 274 1771 ex
290 1745 423 1771 sorore
443 1730 594 1781 nepotis
609 1758 621 1778 ‚
644 1729 716 1770 viri
731 1729 836 1769 docti
852 1736 891 1768 et
906 1728 1063 1781 optimi,
1084 1728 1236 1768 Freder.
1254 1729 1420 1769 Bonneti
1436 1738 1452 1754 ²
1468 1757 1481 1778 ‚
1496 1729 1656 1780 'repet-iq

234 1797 398 1837 eundem
420 1797 634 1836 Medic-eum
654 1797 866 1838 Nummum
892 1794 947 1834 sic
968 1795 1221 1846 descriptum:
1237 1814 1256 1830 «ι
1274 1803 1562 1837 ΚΑΙΣΔΡΕΩΝΚ
1574 1805 1661 1846 01²7

234 1876 412 1908 ΠΕΔΙΟΣ.
452 1867 544 1921 Cup.
573 1867 673 1918 Aug.
701 1868 750 1905 In
777 1866 950 1914 Aversa,
990 1865 1082 1919 Cap.
1119 1866 1315 1905 barbatum
1341 1881 1354 1904 .-
1383 1874 1655 1914 ΜΕΝΑΝΔΡΟΣ

235 1948 524 1981 ΠΑΡΕΡΑΣΙΟΥ.
553 1937 680 1990 Hujus
707 1925 915 1977 Menandri
936 1936 1045 1991 [est]
1068 1937 1227 1976 Ovidius
1247 1937 1466 1976 Rondanim'
1484 1944 1520 1977 et
1538 1938 1657 1986 Pollio

233 2011 389 2061 Reginoe
409 2012 564 2049 Suecz'oe.
588 2018 835 2050 ΠΑΡΡΑΣΙΟΥ
854 2038 866 2059 ,
884 2008 925 2047 in
948 2008 1127 2047 Morellio
1150 2021 1209 2047 me
1232 2007 1370 2048 vidisse
1391 2007 1574 2059 memini,
1589 2007 1657 2050 sed

235 2096 324 2121 cum
337 2076 493 2133 templo.
510 2080 627 2120 Unde
644 2080 821 2134 colligere
835 2079 926 2119 licet
935 2108 946 2127 ‚
968 2078 1009 2117 in
1025 2077 1148 2119 hocce
1161 2078 1345 2119 Mediceae
1359 2078 1472 2120 Gazae
1485 2079 1654 2125 Nummo

236 2152 416 2192 Pollionis
437 2165 578 2190 nomen
603 2151 704 2190 haud
734 2150 985 2201 comparuisse
999 2180 1010 2200 .‚
1031 2150 1144 2203 idque
1163 2164 1182 2188 a
1203 2150 1262 2189 Cl.
1283 2149 1510 2203 Spanhemio
1529 2150 1570 2187 in
1589 2164 1654 2189 sua

237 2222 491 2272 descriptione
509 2250 520 2271 ‚
555 2229 594 2260 et
619 2221 771 2274 quidem
793 2250 805 2269 ‚
834 2229 876 2259 ut
900 2220 1005 2269 dixi,
1037 2235 1083 2260 ex
1111 2220 1313 2260 Vaillantio
1330 2224 1344 2269 ‚'
1373 2219 1655 2273 superadditum

236 2306 317 2332 esse
336 2307 345 2339 3
366 2300 478 2345 atque
500 2292 594 2331 adeo
617 2278 826 2331 Nummum
847 2292 1059 2330 Mediceum
1082 2291 1239 2331 omnino
1260 2304 1386 2342 parem
1409 2290 1515 2331 alteri
1537 2290 1655 2329 Pem-

238 2362 414 2402 brokiano
429 2392 440 2412 ‚
462 2371 501 2405 et
522 2363 814 2403 Rondaniniano
830 2391 842 2411 ,
866 2378 932 2403 seu
955 2361 1241 2413 ottoboniano,
1266 2361 1406 2402 fuisse:
1429 2361 1569 2416 quippe
1588 2359 1654 2416 qui

279 2532 292 2551 ¹
318 2530 425 2564 Num.
444 2529 556 2575 Impp.
575 2528 638 2564 Gr.
653 2528 691 2562 in
711 2510 852 2573 Augsp.
870 2529 906 2571 4,
927 2527 981 2562 ed.
1000 2527 1113 2562 Amst.

279 2607 295 2626 2
318 2605 430 2650 Cujus
453 2604 723 2641 humanissimus
747 2603 880 2648 frater,
909 2611 944 2639 et
969 2603 1007 2638 in
1033 2603 1146 2638 officio
1171 2616 1365 2647 successor,
1395 2601 1486 2637 easd.
1511 2599 1651 2637 schedas

238 2674 379 2698 mecum
394 2662 654 2698 communicare
670 2661 831 2707 dignatus
848 2668 898 2696 est
911 2686 920 2704 ,
941 2672 1051 2706 quum
1066 2659 1217 2694 Londini
1234 2659 1368 2705 publica
1382 2659 1470 2705 regis
1481 2656 1650 2694 Borussiae

240 2718 380 2765 negotia
393 2724 540 2754 curaret.
