1794 3100
785 189 949 233 IBIS.
1557 210 1582 252 7

206 285 445 350 Lunaque,
470 301 567 350 quae
586 301 844 350 nunquam,
872 302 964 350 quo
988 283 1138 350 prius,
1167 302 1242 332 ore
1267 285 1427 345 micas;

141 363 332 429 Noxque
354 361 635 410 tenebrarum
662 361 806 428 specie
828 362 1069 411 reverenda
1093 374 1269 411 tuarum
1290 382 1301 420 ;
1539 377 1583 424 75

207 440 409 507 Quaeque
431 452 575 488 ratum
601 438 764 506 triplici
786 439 948 506 pollice
971 439 1088 490 netis
1110 459 1252 508 opus;

143 516 325 584 Quique
348 536 427 585 per
447 517 640 566 infernas
665 517 889 566 horrendo
914 536 1140 567 murmure
1164 518 1299 568 valles

208 595 510 662 Imperjuratae
530 595 692 645 laberis
713 595 857 645 amnis
881 615 1006 663 aquae
1025 615 1036 654 3

144 673 358 742 Quasque
378 674 528 724 ferunt
551 686 670 724 torto
694 675 862 724 vittatis
886 692 1030 738 angue
1051 674 1226 742 capillis

210 755 410 805 Carceris
433 755 644 804 obscuras
665 766 767 804 ante
791 754 943 803 sedere
967 753 1112 813 fores;
1544 770 1590 804 ει,

143 833 239 882 Vos
256 853 459 901 quoque,
476 833 606 902 plebs
620 835 842 901 Superum
853 833 1018 894 ,Fauni
1030 871 1041 891 ‚
1059 832 1298 900 Satyrique
1309 835 1560 901 ‚Laresque
1572 870 1584 890 ‚

207 911 501 981 Fluminaque
516 951 528 972 ‚
553 925 597 962 et
617 912 861 980 Nymphae,
887 911 1231 980 Semidefimque
1256 932 1395 976 genus
1410 951 1422 971 ‚

143 993 350 1060 Denique
373 993 430 1041 ab
452 994 638 1060 antiquo
661 993 767 1041 Divi
791 1005 1050 1060 veteresque
1072 994 1270 1060 novique
1284 1032 1296 1052 ‚

210 1074 264 1120 In
286 1084 491 1121 nostrum
516 1072 665 1121 cuncti
689 1083 865 1138 tempus
889 1071 1039 1120 adeste
1054 1107 1065 1129 ‚
1090 1072 1239 1120 Chao!

146 1150 352 1199 Carmina
377 1149 482 1199 dum
507 1149 640 1218 capiti
661 1149 866 1198 malefido
893 1149 987 1198 dira
1011 1161 1260 1208 canuntur,
1547 1164 1591 1199 85

210 1226 270 1273 Et
293 1237 513 1291 peragunt
536 1237 685 1291 partes
707 1225 773 1274 ira
797 1225 1019 1292 dolorque
1043 1244 1174 1275 suas:

143 1301 341 1351 Adnuite
362 1302 528 1369 optatis
552 1321 704 1351 omnes
730 1321 781 1351 ex
806 1302 962 1351 ordine
984 1302 1179 1360 nostris,

211 1380 271 1426 Et
290 1397 394 1446 pars
418 1379 477 1428 sit
499 1379 593 1428 voti
615 1377 736 1428 nulla
761 1378 925 1427 caduca
951 1378 1051 1427 mei.

145 1458 347 1526 Quaeque
369 1478 554 1526 precor,
575 1458 688 1507 fiant
707 1479 716 1507 z
737 1470 789 1507 ut
810 1478 903 1507 non
922 1477 1018 1507 mea
1041 1458 1181 1517 dicta,
1209 1458 1287 1507 sed
1311 1458 1386 1508 illa

142 1567 235 1613 piter
247 1593 257 1611 ,
276 1567 392 1611 Juno,
406 1569 514 1603 Vesta
525 1593 535 1611 ‚
554 1567 720 1602 Minerva
730 1594 740 1610 ‚
754 1565 830 1602 Ce-

142 1632 198 1655 res
210 1645 220 1663 ‚
239 1619 374 1663 Diana,
399 1620 522 1656 Venus
535 1646 545 1664 ‚
574 1621 673 1656 Mars
687 1647 696 1664 ,
718 1620 828 1656 Mer-

142 1672 279 1718 curius,
298 1673 423 1714 Liber,
442 1674 631 1720 Neptunus
648 1700 657 1718 ,
678 1674 827 1720 Apollo,

141 1724 168 1760 ii
181 1731 322 1760 tantum
338 1732 480 1761 nectare
501 1727 703 1761 utebantur.

190 1777 242 1822 76.
255 1779 354 1814 Netis
373 1791 469 1823 opus.
495 1779 690 1825 Perperam
710 1779 829 1824 scripti

141 1829 280 1866 codices
293 1834 426 1874 nechim
445 1831 494 1866 sic
512 1831 604 1877 apud
627 1831 828 1877 Corippum

143 1881 355 1921 Africanum
370 1883 414 1919 de
430 1890 526 1919 veste
540 1884 705 1919 mortuali
716 1885 739 1919 J
743 1885 831 1919 usti-

143 1935 336 1971 nianorum
358 1949 470 1982 quum
492 1936 530 1971 in
553 1938 663 1972 veteri
684 1936 804 1972 codice
817 1964 827 1981 ,

146 1999 189 2021 ex
203 2000 273 2033 quo
289 1989 436 2036 scriptor
452 1989 509 2025 ille
524 1989 676 2035 prodiit,
692 1990 830 2036 legere—

148 2044 225 2074 tur:
238 2053 256 2070 κ
267 2040 553 2078 Justinianorum
563 2042 669 2078 series
683 2042 742 2077 ubi
756 2050 830 2078 tota

147 2088 308 2127 laborum
320 2093 431 2129 Necto
441 2108 528 2130 auro
536 2094 699 2141 insignita
709 2095 799 2139 fuit,·
811 2111 828 2126 »

148 2143 304 2189 reposuit
331 2144 540 2183 Dem‘sterus
561 2160 675 2191 nez-0;
701 2162 830 2195 perpe·-

148 2208 225 2231 ram
234 2222 243 2240 ,
256 2209 368 2242 quum
378 2206 454 2234 neto
461 2213 543 2236 auro
553 2201 744 2237 debuisset:
753 2215 831 2237 nere

145 2261 265 2284 aarum
275 2275 284 2290 ‚
301 2257 340 2285 ut
352 2250 444 2295 apud
457 2251 657 2289 Martialem
673 2267 709 2289 z«
722 2255 768 2290 Et
778 2262 830 2290 to-

147 2308 221 2337 tam
232 2301 374 2350 ,Phryxi
390 2303 485 2351 Julia
500 2305 598 2341 nebit
613 2319 728 2343 ovem.
741 2323 758 2338 »
781 2309 829 2343 H.

194 2369 246 2401 77.
273 2356 413 2400 Quique.
434 2356 579 2392 Invocat
597 2358 743 2406 Stygem
759 2373 830 2406 pa-

147 2408 282 2452 tudem,
294 2409 395 2454 cujus
407 2409 478 2444 filia
491 2411 661 2455 Victoria,
673 2425 782 2457 quum
792 2415 830 2449 in

147 2461 241 2497 bello
257 2461 436 2507 Giganteo
462 2475 567 2507 opem
590 2464 709 2500 tulerit
726 2466 829 2512 Jovi,

147 2515 281 2550 meruit
298 2522 340 2551 ut
355 2516 475 2552 matris
495 2531 627 2553 nomen
644 2519 832 2565 jusjuran-

147 2566 236 2602 dum
251 2575 341 2603 esset
355 2568 517 2604 Deorum
531 2584 539 2605 :
556 2570 651 2616 quod
666 2572 726 2616 qui
738 2572 832 2608 falle-

148 2619 209 2655 bat
220 2646 229 2663 ,
241 2632 371 2655 novem
382 2620 505 2657 diebus
518 2623 659 2658 carebat
670 2631 831 2667 nectare;

151 2671 279 2718 virgil.
289 2671 374 2708 AEn.
386 2674 439 2709 VI
449 2700 459 2718 ,
471 2687 518 2708 vs.
532 2675 598 2719 324
609 2688 618 2710 :
631 2690 648 2706 ι(
663 2675 723 2710 Dii
735 2677 834 2721 cujus

148 2724 268 2770 jurare
288 2724 438 2770 timent,
459 2733 494 2761 et
510 2726 632 2763 fallere
653 2741 801 2764 numen.
817 2743 834 2760 ι»

942 1579 994 1614 79.
1018 1568 1161 1602 Vmam·
1178 1574 1242 1603 etc.
1270 1567 1400 1614 Ligatis
1418 1575 1589 1615 tanquam

895 1618 1013 1655 vittis:
1031 1632 1116 1655 nam
1137 1620 1305 1656 vittarum
1331 1620 1408 1657 loco
1429 1622 1591 1659 tribuunt

897 1672 1069 1719 anguibus
1082 1674 1253 1709 contortis
1262 1674 1460 1709 revinctum
1473 1683 1589 1722 caput.

940 1727 994 1761 81.
1016 1727 1086 1761 Vos
1101 1739 1247 1772 quoque,
1261 1729 1371 1771 plebs.
1391 1727 1453 1762 Dii
1469 1728 1591 1763 mino-

895 1790 978 1812 rum
997 1778 1178 1824 gentium,
1196 1791 1284 1824 quos
1300 1786 1336 1815 et
1355 1779 1510 1825 plebeios
1526 1781 1588 1816 ad-

896 1831 1010 1878 pellat.
1023 1833 1255 1877 —Laresqm
1274 1832 1335 1867 Dii
1353 1833 1535 1870 domestici
1553 1842 1590 1870 et

895 1884 1009 1929 patrii.
1026 1884 1056 1919 li
1070 1885 1222 1931 compita
1233 1893 1385 1921 servant.
1398 1887 1487 1922 Inde
1495 1900 1590 1923 com-

894 1938 1013 1983 pitalia
1019 1938 1122 1982 festa,
1130 1945 1166 1974 et
1177 1939 1251 1974 dies
1257 1940 1415 1975 attributi
1427 1941 1589 1986 Laribus,

896 1991 1022 2037 quibus
1037 1991 1074 2026 in
1089 1991 1251 2037 compitis
1272 1991 1543 2028 sacrificabatur.

939 2044 993 2079 82.
1006 2045 1256 2090 Semidetimque
1266 2058 1385 2090 genus.
1401 2045 1586 2082 Hierocles

894 2096 932 2132 in
949 2095 1071 2133 carm.
1093 2098 1243 2146 Pythag.
1260 2113 1309 2134 vs.
1331 2114 1342 2134 1
1361 2126 1371 2144 ,
1392 2099 1460 2135 hoc
1476 2101 1523 2135 ita
1543 2100 1587 2135 il-

895 2148 1020 2186 lustrat
1036 2163 1044 2185 :
1063 2157 1186 2200 Πρῶτον
1204 2152 1369 2191 ἇθανοέτους
1385 2157 1475 2192 θεοὺς
1492 2155 1505 2189 ὅ
1526 2168 1589 2188 πιε-

896 2208 955 2248 ρὼν
973 2206 1057 2250 λόγος
1075 2207 1209 2250 ε’σήμοενε
1222 2231 1231 2249 ,
1254 2208 1289 2241 rb
1307 2209 1338 2241 δὲ
1352 2209 1464 2250 μέσον,
1482 2197 1590 2257 lipom

897 2258 1027 2303 ἀγαυοὺς
1039 2284 1049 2302 ,
1069 2263 1124 2294 καὶ
1143 2261 1178 2294 τὲ
1199 2262 1332 2303 ’ἔσχατον
1350 2263 1499 2303 δαίμονας
1521 2275 1587 2295 κα·-

895 2316 1084 2355 τοιχθονιόυς·
1100 2317 1246 2356 propter
1269 2310 1417 2345 virtutes
1432 2311 1528 2346 enim
1549 2312 1589 2346 in

896 2363 994 2398 Deos
1004 2363 1263 2398 referebantur.
1274 2363 1345 2398 Hic
1353 2370 1471 2398 autem
1483 2372 1589 2410 poeta

896 2416 1081 2451 minorum
1093 2415 1354 2462 gentiumDeos
1365 2415 1516 2462 adpellat
1525 2417 1588 2453 se-

896 2469 1046 2505 mideos.

943 2523 996 2558 83.
1011 2524 1106 2557 Divi.
1125 2523 1168 2557 In
1179 2522 1209 2557 F
1210 2522 1470 2558 rancofurtensi
1489 2531 1566 2559 erat
1578 2551 1589 2568 ‚

898 2577 1024 2611 Divu‘m
1037 2587 1051 2618 ‚·
1068 2576 1249 2621 eleganter
1260 2603 1271 2620 ‚
1295 2583 1335 2611 ut
1351 2576 1443 2622 apud
1462 2578 1592 2613 Horat.

899 2627 1040 2662 IOdar.
1064 2627 1097 2662 X
1111 2653 1121 2671 ,
1146 2637 1207 2675 ¹9²
1224 2642 1242 2658 «
1259 2628 1405 2674 Superis
1424 2629 1589 2665 Deorum

898 2678 1030 2715 Gratus
1046 2686 1082 2715 et
1096 2679 1185 2715 imis.
1199 2695 1217 2711 ν

944 2733 997 2780 89.
1013 2733 1084 2768 Sed
1087 2735 1156 2769 ille.
1173 2735 1243 2769 Illa
1254 2747 1296 2770 ex
1310 2734 1525 2770 melioribus.
1539 2735 1587 2770 H.
