1794 3100
275 254 331 295 ὃὸ
636 254 686 295 Ρ.
726 253 972 296 OVIDII
1009 253 1329 299 NASONIS

273 346 459 412 Scripsit
479 356 522 393 et
539 345 740 394 Medeam
758 346 1009 408 tragoediam
1023 383 1035 404 ‚
1063 347 1116 395 de
1137 366 1222 415 qua
1242 347 1426 396 maxime
1445 359 1488 396 et
1508 367 1533 397 a
1554 349 1695 413 Quin-

273 425 425 473 tiliano
439 462 450 482 ‚
473 435 516 472 et
528 443 552 471 a
570 423 775 471 Cornelio
789 425 941 473 Tacito
955 424 1159 475 laudatus
1178 438 1244 475 est
1262 446 1271 474 :
1294 426 1356 474 ait
1372 426 1487 475 enim
1503 427 1692 477 Fabius:

275 501 425 550 Ovidii
439 501 595 549 Medea
609 501 826 560 ostendit,
845 514 1057 567 quantum
1077 504 1143 551 vir
1158 502 1232 550 ille
1249 515 1453 569 praestare
1472 505 1692 570 potuerit,

275 579 311 626 si
326 579 499 641 ingenio
511 597 592 626 suo
605 590 843 645 temperare
855 616 866 636 ‚
879 598 1009 646 quam
1021 579 1246 645 indulgere
1259 579 1496 629 maluisset.
1514 581 1694 646 Summo

273 658 401 706 etiam
426 676 523 705 eum
547 656 681 705 fuisse
705 657 867 722 judicio
895 657 1086 715 ostendit
1111 658 1293 716 Seneca,
1328 659 1373 706 in
1400 660 1446 706 II
1470 658 1697 708 Declama-

275 735 448 782 tionum
472 734 533 782 sic
549 734 754 800 inquiens
770 754 778 782 :
795 736 997 798 Rogatus
1015 735 1251 801 aliquando
1271 736 1327 783 ab
1346 735 1494 785 amicis
1510 736 1601 785 suis
1615 773 1626 794 ‚
1647 747 1698 783 ut

220 878 221 881 Ἴ
277 813 449 861 tolleret
471 825 558 861 tres
582 831 732 861 versus
747 851 758 872 ‚
783 813 938 879 petivit
954 813 1169 871 invicem,
1196 825 1246 861 ut
1269 825 1359 862 tres
1383 813 1599 880 exciperet
1616 851 1628 871 ‚
1652 813 1700 860 in

278 910 390 956 quos
411 889 500 938 illis
523 889 634 938 nihil
653 889 815 939 liceret.
841 891 1205 958 Conscripserant
1229 890 1318 948 illi,
1346 909 1458 957 quos
1482 889 1578 937 tolli
1610 888 1701 937 vel-

278 967 395 1026 lent,
419 980 583 1017 secreto
607 969 680 1017 hic
706 988 820 1035 quos
843 981 964 1018 tutos
987 988 1080 1020 esse
1102 968 1245 1018 vellet.
1278 971 1332 1017 In
1354 969 1555 1034 utrisque
1577 967 1702 1017 codi-

284 1045 397 1094 cillis
420 1046 552 1094 iidem
574 1065 726 1095 versus
744 1059 880 1095 erant.
914 1049 982 1095 Ex
1003 1046 1170 1113 quibus
1193 1047 1385 1112 primum
1407 1045 1540 1094 fuisse
1561 1063 1702 1093 narra-

278 1124 355 1173 bat
377 1124 680 1174 Albinovanus
703 1125 823 1173 Pedo
839 1164 851 1184 ‚
879 1125 956 1191 qui
977 1125 1093 1173 inter
1111 1125 1302 1174 arbitros
1325 1124 1411 1172 fuit
1432 1144 1444 1171 ε

502 1222 796 1268 Semibovemque
811 1223 945 1266 virum,
963 1222 1238 1267 semivirumque
1254 1222 1402 1263 bovem;

285 1300 522 1351 secundum
546 1320 555 1347 :

503 1396 688 1442 Egelidum
707 1397 844 1431 Borean
859 1423 866 1439 ‚
885 1396 1128 1444 egelidumque
1143 1389 1279 1431 Notum
1297 1408 1306 1430 z

286 1502 338 1530 ex
363 1502 452 1548 quo
476 1492 675 1548 apparet,
700 1481 856 1528 summi
877 1480 1042 1544 ingenii
1062 1481 1157 1528 viro
1182 1499 1270 1527 non
1283 1478 1496 1544 judicium
1518 1476 1703 1526 defuisse

288 1559 342 1607 ad
368 1558 730 1624 compescendum
754 1556 973 1605 licentiam
1008 1558 1246 1607 carminum
1282 1575 1484 1613 suorum,
1509 1555 1585 1603 sed
1608 1555 1704 1603 ani·-

288 1658 406 1687 mum
429 1658 437 1686 ε
456 1638 600 1686 aiebat
617 1638 733 1685 enim
754 1637 1045 1687 decentiorem
1067 1656 1159 1686 esse
1178 1636 1329 1685 faciem
1344 1673 1357 1692 ‚
1375 1636 1423 1683 in
1445 1653 1530 1701 qua
1547 1633 1705 1700 aliquis

287 1737 435 1766 naevus
457 1718 628 1765 inesset.
670 1717 738 1763 De
772 1715 931 1764 Medea
958 1715 1171 1778 tragoedia
1199 1715 1295 1782 ipse
1325 1713 1387 1763 sic
1415 1711 1611 1762 meminit
1640 1731 1706 1760 se-

291 1794 437 1842 cundo
462 1793 515 1840 de
537 1791 761 1840 Tristibus
783 1811 792 1838 :
1160 1803 1163 1806 ⁴

509 1890 556 1924 Et
572 1889 732 1924 dedimus
746 1888 880 1934 tragicis
895 1888 1062 1934 scriptum
1075 1887 1189 1934 regale
1205 1886 1383 1924 cothurnis
1400 1899 1408 1921 :

549 1950 711 1996 Quaeque
729 1949 838 1995 gravis
855 1950 959 1985 debet
973 1949 1077 1984 verba
1092 1948 1285 1984 cothurnus
1301 1947 1416 1984 habet.

295 2034 561 2121 Composuit
585 2046 627 2081 et
650 2034 855 2082 libr'um
843 2053 890 2081 111
917 2031 1056 2080 malos
1086 2042 1265 2098 poetas,
1294 2029 1371 2095 qui
1407 2047 1500 2077 non
1534 2038 1705 2084 exstat;

291 2112 394 2159 item
409 2111 454 2157 in
474 2110 626 2158 exsilio
643 2109 888 2175 Epistolam
904 2107 1239 2177 consolatoriam
1261 2105 1318 2155 ad
1333 2104 1501 2154 Liviam
1519 2101 1708 2165 Augusti

292 2187 345 2234 de
370 2197 510 2234 morte
533 2186 702 2242 Drusi;
742 2186 794 2233 de
815 2185 1039 2235 Tristibus
1073 2183 1201 2233 etiam
1241 2181 1382 2231 libros
1409 2180 1629 2247 quinque;
1655 2177 1707 2225 de

290 2267 436 2313 Ponto
460 2263 597 2311 libros
620 2275 843 2328 quatuor;
878 2262 924 2309 in
944 2262 1069 2318 Ibin3
1095 2262 1330 2309 Fastorum
1353 2259 1493 2306 libros
1513 2258 1628 2314 XII,
1657 2274 1709 2303 ex

294 2342 458 2407 quihus
492 2359 565 2389 sex
600 2352 769 2387 tantum
797 2340 849 2387 ad
885 2351 1036 2387 nostra
1069 2351 1264 2404 tempora
1298 2345 1621 2403 pervenerunt:
1654 2333 1708 2381 de

294 2420 458 2485 quibus
481 2419 542 2466 sic
564 2419 656 2484 ipse
683 2419 725 2469 II
752 2417 802 2465 de
826 2417 1050 2465 Tristibus
1070 2436 1079 2464 :

512 2521 579 2555 Sex
595 2533 659 2565 ego
675 2519 859 2553 Fastorum
875 2519 993 2564 scripsi
1009 2517 1227 2562 totidemque
1243 2515 1392 2557 libellos,

554 2580 717 2625 Cumque
736 2592 799 2614 suo
815 2579 924 2614 finem
943 2592 1062 2614 mense
1078 2578 1211 2613 libellus
1228 2576 1341 2611 habet.

295 2664 481 2729 Scripsit
511 2676 554 2710 et
575 2664 871 2731 Triumphum
909 2663 1118 2721 Caesaris,
1151 2662 1205 2712 de
1240 2680 1329 2727 quo
1351 2661 1419 2711 III
1444 2659 1496 2708 de
1525 2659 1673 2707 Ponto
1692 2694 1705 2715 ,

292 2741 415 2803 Eleg.
442 2754 508 2798 IV,
535 2741 596 2788 sic
618 2741 837 2788 meminit:
