1794 3100
597 230 725 275 PER
758 231 801 274 J.
839 229 1139 274 MAssoN.
1508 246 1590 292 ¹79

150 329 224 380 Ad
239 327 358 381 idem
374 324 640 392 navssratiomk
652 363 664 381 ‚
685 343 775 372 non
792 342 895 372 vero
900 322 1186 390 pmfitcttbmk,
1208 333 1383 388 tempus
1402 334 1592 389 spectat,

156 406 277 475 quod
303 406 356 456 de
379 405 567 456 Arcturo
587 442 598 460 ‚
642 401 796 451 Hoedt‘s
832 413 912 449 etc.
946 401 1082 450 habet
1104 400 1239 448 Trist.
1276 399 1356 448 lib.
1391 402 1444 459 I,
1468 400 1592 464 Eleg.

160 485 244 536 ult.
266 504 376 535 vers.
409 481 556 531 13-16
578 502 588 530 :

374 583 475 628 Soepe
494 594 560 628 ego
576 583 741 619 nimbosis
757 580 883 616 dubius
899 580 1052 626 jactabar
1067 579 1109 614 ab
1127 581 1247 614 Hoedt's
1259 591 1273 622 ;

419 642 522 688 Saepe
540 642 659 677 minax
679 642 832 686 Steropes
846 641 959 676 sidere
977 647 1105 686 pontus
1121 646 1197 674 erat
1214 652 1222 674 :

378 704 622 749 Fuscabatque
639 703 735 738 diem
750 709 864 738 custos
880 694 1145 750 Erymbnlhtklos
1166 702 1261 736 Ursoe
1275 712 1288 743 ,-

426 767 503 802 Aut
520 768 669 814 Hyadas
686 765 771 801 seris
787 772 932 800 auxerat
951 765 1083 800 Auster
1100 764 1197 809 aquis
1208 791 1217 808 ,
1234 771 1299 799 etc.

224 846 398 896 Idcirco
423 846 477 896 ad
505 865 656 895 verum
673 844 935 912 pmsecttbms
974 843 1204 893 Ovidianae
1234 856 1410 910 tempus
1442 863 1605 893 eruen-

166 927 296 985 dum,
319 925 434 975 nihil
456 938 522 977 est
545 945 685 993 opus,
721 938 773 974 ut
789 943 950 988 magno
975 923 1202 972 molimine
1227 923 1389 972 horum
1414 923 1607 972 siderum

162 1018 313 1064 ortus,
337 1005 406 1055 vel
430 1024 614 1055 occasus
643 1004 954 1061 discutiamus;
983 1022 1120 1070 quum
1152 1015 1287 1072 poeta
1307 1015 1463 1052 noster
1484 1004 1607 1052 hisce

164 1083 462 1133 caracteribus
498 1082 736 1146 signaverit
754 1120 766 1140 ‚
790 1101 885 1130 non
913 1100 1042 1130 suum
1067 1082 1215 1130 Roma
1241 1081 1481 1130 discessum
1496 1121 1508 1140 ,
1533 1082 1610 1131 sed

163 1161 427 1229 naw'gatabm's
443 1179 620 1210 cursum
633 1198 645 1217 ,
671 1161 797 1226 cujus
812 1179 1007 1208 mensem
1028 1159 1189 1209 diserte
1209 1161 1394 1208 notavit.
1421 1161 1540 1209 Satis
1555 1161 1611 1209 ad

166 1258 216 1289 ea
239 1238 434 1288 Nasonis
459 1238 650 1287 carmina
671 1237 830 1286 melius
852 1236 1140 1301 intelligenda
1162 1238 1221 1286 sit
1236 1275 1248 1295 ‚
1272 1237 1364 1286 haec
1388 1257 1439 1286 ex
1462 1237 1611 1287 Plinio

164 1316 411 1366 adnotasse.
432 1317 478 1365 Is
495 1315 635 1379 igitur
651 1315 731 1364 lib.
753 1316 934 1372 XVIII,
955 1334 1049 1382 cap.
1072 1314 1128 1362 31
1156 1336 1166 1363 ε
1192 1338 1214 1358 «
1239 1315 1397 1374 Sexto,
1418 1316 1500 1374 ait,
1522 1316 1609 1365 kal.

171 1417 196 1440 n
221 1395 441 1445 Novemb.
467 1394 666 1445 Succulae
690 1401 701 1421 ¹
726 1398 904 1462 vespere
929 1395 1202 1443 exoriuntur.
1223 1395 1375 1443 Pridie
1395 1394 1483 1443 kal.
1515 1396 1613 1445 Cae-

171 1496 196 1519 »
223 1474 311 1524 sari
332 1475 553 1524 Arcturus
573 1473 760 1532 occidit,
783 1485 826 1522 et
849 1471 1047 1521 Succulae
1066 1472 1326 1521 exoriuntur
1345 1492 1446 1522 cum
1462 1472 1568 1523 sole.
1588 1497 1610 1516 »

165 1553 266 1603 Lib.
286 1554 354 1626 II,
377 1571 471 1620 cap.
487 1553 546 1620 47
571 1573 587 1601 ε·
605 1575 629 1596 «
649 1553 761 1602 Post
773 1551 820 1600 id
835 1551 1152 1618 aequinoctium
1173 1551 1438 1617 (autumni)
1456 1551 1612 1600 diebus

170 1653 195 1674 »ι
219 1631 310 1680 fere
326 1642 518 1698 quatuor
530 1642 575 1679 et
590 1630 878 1698 quadraginta
896 1628 1193 1692 Vergiliarum
1211 1648 1392 1679 occasus
1407 1630 1610 1697 hyemem

171 1733 195 1753 »
221 1710 403 1758 inchoat
434 1729 444 1757 :
479 1709 603 1777 quod
627 1721 802 1776 tempus
830 1709 877 1756 in
904 1722 961 1758 ΙΙΙ
992 1709 1099 1757 Idus
1129 1710 1394 1759 Novembris
1423 1711 1614 1762 incidere

151 1787 195 1830 ⁴»
224 1787 465 1837 consuevit.
494 1809 534 1830 ».
558 1787 688 1835 Paria
708 1786 846 1835 tradit
875 1785 954 1834 lib.
980 1786 1162 1843 XVIII,
1190 1805 1286 1852 cap.
1319 1785 1410 1845 25,
1437 1805 1524 1853 29,
1552 1787 1614 1836 30

167 1875 214 1913 et
236 1863 294 1911 31
312 1901 325 1922 ‚
350 1863 466 1914 sicut
487 1875 533 1912 et
555 1863 770 1927 Vegetius
786 1902 798 1922 ‚
835 1862 912 1911 lib.
947 1864 1035 1920 IV,
1061 1881 1156 1929 cap.
1199 1861 1261 1929 39
1285 1900 1296 1922 ,
1334 1864 1460 1929 cujus
1484 1865 1615 1914 etiam

170 1943 305 1994 verba
329 1943 597 2009 subjungere
621 1942 750 1991 lubet
769 1962 779 1990 :
806 1964 834 1984 «-
853 1943 895 1989 Α
917 1940 1161 1989 Novembri
1184 1953 1330 1990 autem
1349 1962 1498 1993 mense
1521 1965 1615 1994 cre—

175 2045 200 2066 »
227 2022 324 2071 bris
360 2021 700 2087 tempestatibus
723 2019 897 2082 navigia
923 2019 1162 2067 conturbat
1185 2019 1484 2082 Vergiliarum
1508 2022 1618 2089 hye-

175 2120 201 2143 »
228 2097 358 2148 malis
389 2116 583 2146 occasus.
617 2099 687 2146 Ex
717 2097 787 2146 die
811 2096 950 2160 igitur
975 2094 1105 2144 tertio
1131 2095 1293 2144 Iduum
1320 2098 1588 2148 Novembris
1604 2138 1615 2158 ,

177 2199 201 2220 »
227 2195 370 2243 usque
405 2174 452 2222 in
486 2175 602 2223 diem
630 2186 801 2223 sextum
831 2174 992 2222 Iduum
1024 2174 1286 2224 Martiarum
1319 2176 1456 2223 maria
1494 2175 1616 2226 clau-

177 2276 201 2297 »
228 2253 411 2302 duntur.
441 2275 464 2295 >³

239 2329 392 2388 Alter,
421 2348 551 2397 quem
575 2328 790 2377 Calvisius
814 2329 1008 2395 profert,
1044 2328 1170 2378 locus
1201 2349 1294 2378 non
1330 2329 1487 2378 melius
1521 2332 1615 2397 ejus

175 2408 438 2457 sententiam
456 2408 604 2473 juvat,
627 2406 719 2456 scil.
746 2407 883 2455 Trist.
907 2407 986 2455 lib.
1014 2409 1061 2466 I,
1086 2407 1156 2456 El.
1182 2421 1264 2466 ΙΙΙ,
1293 2428 1355 2457 vs.
1378 2426 1437 2475 27
1461 2420 1504 2456 et
1523 2408 1612 2457 28:

396 2506 549 2552 Jamque
567 2506 793 2552 quiescebant
809 2519 911 2541 voces
927 2506 1185 2552 hominumque
1204 2519 1403 2553 canumque
1421 2536 1430 2552 ,

439 2566 609 2611 lunaque
628 2571 822 2599 nocturnos
837 2563 904 2599 alta
921 2564 1063 2610 regebat
1079 2577 1188 2610 equos
1201 2590 1210 2608 ,
1229 2569 1293 2600 etc.

224 2663 234 2682 ¹
262 2674 279 2691 «
298 2660 342 2695 In
357 2660 468 2696 cauda
485 2660 596 2696 Tauri
613 2667 749 2705 septem
763 2686 773 2704 ‚
787 2635 877 2706 ‘quas
891 2659 1107 2706 adpellavere
1126 2659 1316 2707 Vergilias,
1334 2660 1369 2695 in
1388 2662 1507 2697 fronte
1525 2663 1616 2698 Suc-

182 2732 200 2748 »
219 2717 313 2754 culas
324 2745 334 2762 ,
347 2724 412 2754 etc.
428 2732 444 2747 »
460 2717 551 2753 Ptin.
564 2717 620 2753 lib.
633 2717 668 2753 II
682 2743 691 2761 ,
705 2731 778 2762 cap.
793 2718 832 2760 41
849 2731 858 2759 ;
874 2715 954 2751 Aul.
967 2715 1113 2760 Gellius,
1126 2716 1184 2751 lib.
1202 2716 1311 2761 XIII,
1325 2731 1396 2764 cap.
1408 2731 1430 2765 9
1444 2732 1452 2754 :
1465 2734 1481 2749 «ι
1496 2719 1595 2765 Quas
1606 2747 1614 2762 ‚

184 2788 201 2804 »ι
221 2773 287 2818 ait,
306 2773 420 2810 Graeci
437 2774 588 2814 Πλειάδας
605 2801 615 2817 ,
642 2786 705 2809 nos
722 2771 895 2818 Vergilias
911 2785 1074 2808 vocamus
1091 2799 1100 2817 ‚
1122 2780 1187 2808 etc.
1204 2788 1221 2804 »
