1794 3100
239 239 318 294 140
664 243 715 284 P.
759 241 1004 284 OVIDII
1048 241 1218 285 VITA

448 332 521 368 Nec
538 344 623 377 quos
639 332 795 377 piniferis
810 332 936 377 positos
950 332 985 367 in
1006 335 1146 368 collibus
1163 335 1275 367 hortos

489 391 629 437 Spectat
645 392 823 427 Flaminiae
842 394 961 428 Clodia
976 394 1095 437 juncta
1114 393 1191 427 viae.

455 453 556 499 Quos
576 467 640 499 ego
657 453 772 500 nescio
790 453 846 488 cui
861 454 949 488 colui
963 468 970 494 ;
987 454 1110 499 quibus
1123 455 1191 499 ipse
1210 453 1368 494 solebam,

496 513 552 547 Ad
571 521 642 548 sata
656 513 817 548 fontanas
833 513 926 559 (nec
944 514 1075 559 pudet)
1095 514 1222 549 addere
1245 527 1359 560 aquas.

448 573 540 607 Sunt
556 573 602 608 ibi
615 600 624 617 ,
644 573 671 608 si
688 574 828 617 vivunt,
846 581 964 608 nostra
979 587 1115 619 quoque
1130 575 1261 609 consita
1279 575 1456 620 quondam
1472 602 1482 619 ,

492 634 563 668 Sed
580 647 653 669 non
673 642 708 669 et
726 641 844 669 nostra
862 647 965 680 poma
982 634 1128 680 legenda
1147 647 1265 669 manu.

236 713 455 761 Piniferos
465 712 597 760 hosce
611 711 745 760 colles
757 751 768 770 ‚
785 713 830 759 in
843 712 1005 778 quibus
1015 713 1088 760 siti
1099 712 1277 760 fuerunt
1290 713 1482 761 Nasonis
1503 719 1514 738 ¹
1532 713 1652 761 horti

239 789 305 837 Cl.
335 790 430 837 Nic.
452 789 661 837 Heinsius
680 789 733 836 de
750 790 972 855 Apennino
988 788 1198 852 intelligit
1215 802 1363 838 monte
1377 828 1388 847 ‚
1411 790 1486 856 qui
1505 789 1655 838 etiam-

234 886 341 919 num
358 866 749 932 frequentissimam
774 866 926 931 pinum
951 866 1059 923 fert,
1085 879 1127 914 et
1149 886 1227 933 per
1249 866 1403 933 quem4
1424 879 1475 915 ut
1498 878 1650 935 putat,

239 941 389 1001 Clodia
410 942 478 990 via
503 942 801 990 deducebatur
824 943 964 990 Roma
986 944 1149 990 Lucam
1173 963 1327 1009 usque.
1351 946 1514 992 Verum
1537 943 1653 993 veri-

233 1019 373 1067 simile
402 1016 492 1067 non
525 1031 589 1067 est
608 1057 620 1076 ,
646 1019 757 1067 hanc
792 1019 900 1067 viam
925 1037 1003 1084 per
1025 1019 1307 1084 Apenninum
1330 1039 1423 1068 esse
1447 1019 1622 1069 ductam
1637 1058 1650 1078 ‚

237 1115 331 1162 quae
344 1135 355 1153 ‚
375 1098 604 1144 Antonino
622 1097 840 1152 tradente,
860 1115 938 1162 per
954 1097 1167 1146 Arretium
1182 1136 1192 1152 ,
1215 1096 1469 1146 Florentiam
1487 1115 1536 1145 ac
1557 1097 1652 1145 Pis-

238 1171 383 1218 torium
399 1171 567 1219 ferebat
579 1172 751 1220 Lucam.
774 1172 857 1219 Vix
871 1172 1000 1219 etiam
1020 1171 1277 1220 crediderim
1298 1173 1541 1221 Ovidianos
1557 1172 1656 1221 hor-

239 1258 309 1295 tos
334 1258 420 1295 tam
444 1246 573 1310 longe
598 1249 738 1295 Roma
763 1259 954 1296 remotos
978 1248 1138 1304 fuisse;
1163 1267 1297 1314 quum
1319 1247 1366 1295 id
1388 1267 1526 1310 genus
1544 1247 1656 1296 deli-

240 1324 328 1378 cias
351 1324 541 1373 solerent
571 1325 762 1373 Romani
787 1344 926 1391 prope
951 1325 1105 1373 urbem
1126 1326 1311 1383 hahere,
1337 1337 1388 1373 ut
1411 1344 1464 1374 eo
1485 1323 1657 1373 facilius

240 1402 515 1461 secederent,
540 1402 605 1450 vel
628 1402 751 1459 inde,
778 1403 955 1468 quando
971 1402 1166 1460 luberet,
1186 1404 1371 1459 Romam
1388 1413 1654 1469 repeterent;

241 1478 608 1543 quemadmodum
645 1491 689 1526 et
720 1479 806 1545 ipsi
848 1479 1010 1527 ovidio
1042 1498 1138 1526 mos
1162 1490 1274 1535 erat,
1299 1478 1432 1526 Trist.
1465 1477 1543 1527 lib.
1578 1478 1654 1534 IV,

240 1555 364 1618 Eleg.
390 1570 503 1614 VIII,
529 1576 637 1605 vers.
665 1557 724 1604 25
746 1577 755 1603 :

455 1654 611 1699 Tempus
628 1661 720 1697 erat,
741 1668 807 1689 nec
825 1667 881 1689 me
897 1654 1122 1700 peregrinum
1138 1654 1266 1688 ducere
1282 1653 1424 1697 caelum,
1442 1658 1509 1688 etc..

458 1714 526 1748 Sed
542 1713 670 1758 modo,
690 1728 774 1760 quos
790 1715 912 1758 habui,
933 1727 1079 1750 vacuum
1096 1713 1257 1749 secedere
1273 1713 1310 1747 in
1325 1712 1467 1747 hortos:

499 1776 603 1810 Nunc
619 1776 804 1810 hominum
820 1775 894 1811 visu
912 1788 1030 1810 rursus
1047 1782 1082 1808 et
1099 1774 1184 1808 urbe
1199 1773 1280 1807 frui.

244 1850 327 1899 His
349 1851 395 1898 in
428 1851 570 1899 hortis
605 1871 783 1918 operam
823 1852 1088 1900 carminibus
1125 1850 1331 1908 navabat,
1355 1849 1489 1897 Trist.
1514 1848 1590 1896 lib.
1614 1850 1658 1907 I,
1721 1888 1724 1892 ,

244 1927 366 1989 Eleg.
395 1927 474 1976 ult.
498 1947 604 1976 vers.
630 1929 687 1994 37
711 1950 720 1976 :

463 2026 544 2060 Non
560 2025 633 2060 haec
649 2026 685 2059 in
701 2028 825 2060 nostris
836 2052 844 2066 ‚
871 2032 910 2060 ut
926 2025 1104 2070 quondam
1119 2051 1129 2068 ,
1149 2027 1326 2059 scribimus
1336 2026 1452 2059 hortis.

243 2101 518 2150 Tandem-de
542 2121 623 2150 suo
649 2103 693 2149 in
716 2122 869 2165 genere
889 2121 1022 2150 censu
1041 2103 1132 2150 haec
1150 2102 1205 2150 ad
1226 2084 1479 2165 Augustum
1495 2100 1631 2150 habet
1649 2119 1662 2174 ς

243 2179 377 2229 Trist.
400 2178 477 2228 lib.
502 2181 544 2227 II
559 2216 570 2236 ‚
599 2198 706 2227 vers.
740 2198 758 2227 1
775 2197 831 2227 10
854 2200 968 2246 sqq:
1030 2217 1033 2220 ᾗ

504 2277 616 2311 Parva
630 2276 772 2322 quidem
789 2277 911 2322 periit,
936 2277 996 2312 sed
1012 2277 1086 2312 sine
1103 2277 1178 2311 labe
1189 2302 1199 2320 ‚
1219 2278 1346 2311 domus.

460 2335 518 2371 Sic
532 2349 669 2382 quoque
680 2350 789 2381 parva
803 2345 920 2372 tamen
931 2364 941 2381 ,
951 2340 1065 2382 patrio
1078 2337 1213 2372 dicatur
1228 2343 1267 2370 ut
1283 2349 1351 2371 awo

507 2395 656 2442 CLARA,
675 2411 740 2432 nec
759 2397 859 2432 ullius
875 2400 1051 2433 mandate
1063 2397 1200 2432 minor:

293 2509 304 2528 ¹
330 2508 405 2541 Hos
435 2507 555 2542 Ovidii
585 2510 699 2543 hortos
729 2508 878 2543 Nar-dini
907 2508 1050 2544 collocat
1075 2506 1170 2541 haud
1202 2505 1304 2550 longe
1330 2517 1348 2538 a
1371 2504 1486 2538 Ponte
1516 2503 1665 2545 ΜἸνίος

246 2575 279 2607 p.
297 2563 372 2604 485.
390 2564 504 2607 Prope
527 2562 622 2598 hunc
641 2565 794 2599 Pontem
808 2565 900 2599 intra
917 2564 988 2599 vias
1006 2562 1220 2598 Florentiam
1233 2587 1242 2604 ,
1263 2568 1299 2595 et
1321 2561 1498 2595 Lauretum
1526 2557 1666 2593 ducen-

247 2626 320 2661 tes,
344 2626 617 2654 monumentum
641 2633 695 2654 an.
723 2620 827 2666 1674,
853 2628 1032 2666 repertum
1058 2619 1126 2654 fuit
1151 2616 1363 2663 sepulchrale
1380 2642 1389 2660 ,
1423 2615 1467 2650 ad
1490 2615 1663 2650 Nasonum

247 2673 414 2708 familiam
429 2676 606 2720 pertinens
617 2702 626 2718 ‚
641 2683 680 2710 ut
693 2689 734 2711 ex
749 2676 1004 2722 Inscriptionib.
1019 2683 1114 2722 patet
1124 2701 1133 2719 ‚
1153 2687 1236 2720 quas
1253 2686 1335 2709 cum
1351 2671 1475 2708 iconib.
1486 2669 1614 2710 edidit.
1628 2674 1665 2702 et

251 2729 339 2765 notis
355 2730 491 2764 ornavit
509 2726 562 2765 CI.
576 2732 751 2765 Bellorius.
