1794 3100
273 267 358 295 220
711 257 763 297 P.
805 245 1039 299 ovi'nn
1073 255 1249 299 VITA

274 357 326 393 ut
348 345 533 394 Ovidius
555 347 641 394 hoc
663 345 763 394 loco
779 384 790 406 ‚
814 366 903 394 non
925 366 1048 396 secus
1071 366 1119 396 ac
1142 359 1315 396 centum
1337 347 1433 396 aliis
1459 354 1488 406 ¹,
1512 349 1690 411 Augus-

278 433 370 469 tum
387 421 470 470 sub
490 422 583 470 Dei
594 421 1010 485 nomineindigitet,
1033 444 1161 490 quem
1175 434 1267 472 ante
1280 423 1405 482 alios,
1421 436 1464 473 et
1477 425 1693 492 praecipue

281 498 465 549 coluerit
500 499 779 548 Messalinus.
806 501 936 549 Hunc
967 502 1079 550 enim
1110 521 1284 551 sensum
1312 513 1430 550 totus
1462 514 1691 552 contextus

278 577 475 642 requirit.

344 656 426 704 Illa
450 676 550 706 vero
566 658 641 724 pia
657 658 820 724 proles,
851 678 947 725 quae
971 678 1069 708 cum
1092 661 1331 725 Messalino
1361 661 1550 728 aliisque
1569 661 1695 709 duci-

281 734 366 782 bus
390 734 617 783 Tiberium
639 736 686 782 in
707 755 870 802 pompa
894 737 1152 804 triumphali
1189 748 1420 805 prosecuta
1453 750 1544 796 est,
1575 736 1698 786 nulla

283 823 396 860 certe
419 811 501 860 alia
520 850 531 870 ‚
569 825 857 879 praeterquam
886 814 1149 864 Germanicus
1170 836 1195 864 a
1220 817 1403 864 Tiberio
1430 816 1667 883 adoptatus
1684 852 1697 873 ‚

285 890 523 956 Drusoque
539 903 718 956 parente
737 892 946 950 naturali,
970 893 1035 940 uti
1053 905 1098 942 et
1115 893 1257 942 titulis
1275 884 1583 943 nominiBusve
1603 893 1699 943 Coe-

285 967 385 1014 saris
407 986 457 1014 ac
483 968 718 1016 Germanici
744 969 915 1031 dignus.
955 970 1007 1017 Ei
1042 971 1157 1018 enim
1175 1009 1187 1028 ‚
1221 982 1272 1019 ut
1295 971 1429 1019 habet
1450 971 1538 1019 Dio
1564 977 1603 1028 ²,
1627 970 1701 1018 de-

288 1057 402 1092 creta
436 1058 540 1093 sunt
569 1046 740 1112 iusignia
766 1045 1025 1110 triumphalia
1049 1047 1187 1112 (quod
1208 1058 1248 1095 et
1269 1048 1360 1095 aliis
1386 1047 1504 1096 eliam
1537 1047 1703 1096 ducibus

288 1119 475 1182 datum),
497 1139 546 1168 ac
558 1123 746 1187 praetorii
765 1121 946 1170 honores.
975 1123 1091 1170 Hinc
1114 1123 1236 1190 quod
1260 1123 1470 1181 Ovidius,
1495 1123 1636 1190 Epist.
1656 1136 1674 1171 1
1690 1160 1702 1182 ‚

289 1198 431 1255 canit,
457 1198 503 1246 in
531 1200 680 1258 eadem
714 1200 925 1267 triumphi
960 1219 1123 1266 pompa
1159 1200 1462 1249 Germanicum
1492 1219 1592 1249 suas
1625 1201 1702 1248 ha·

290 1276 438 1325 buisse
464 1289 631 1343 partes,
656 1296 765 1325 vers.
791 1278 852 1343 49
875 1289 918 1326 et
946 1277 1035 1325 50:

507 1392 656 1427 Pertulit
671 1393 739 1427 huc
753 1392 847 1426 idem
864 1392 962 1427 nobis
976 1418 985 1435 ‚
1008 1394 1203 1428 Germanice
1214 1420 1222 1434 ,
1252 1406 1374 1428 rumor

554 1453 693 1499 Oppida
709 1454 771 1488 sub
786 1457 883 1487 tilulo
896 1457 1038 1488 nominis
1055 1456 1117 1488 isse
1133 1457 1191 1488 tui.

292 1550 354 1596 At
376 1549 563 1597 Drusum
578 1588 590 1605 ,
624 1549 792 1597 Tiberii
813 1549 953 1598 filium
977 1549 1218 1598 naturalem
1233 1587 1245 1607 ‚
1276 1569 1363 1598 una
1394 1568 1572 1615 quoque
1608 1567 1706 1597 eum

293 1639 418 1692 patre
454 1626 747 1693 triumphasse
762 1665 773 1685 ,
799 1647 851 1675 ex
875 1626 1019 1675 Dione
1043 1627 1153 1676 disci
1174 1645 1401 1693 perperam
1423 1626 1583 1675 adserit
1610 1625 1708 1675 lau-

295 1703 421 1751 datus
434 1703 528 1751 Nic.
542 1704 766 1752 Heinsius.
788 1705 875 1752 Dio
888 1705 1007 1752 ‘enim
1025 1705 1159 1753 modo
1171 1717 1322 1763 *narrat
1334 1742 1345 1762 ‚
1371 1704 1588 1753 decretum
1603 1716 1709 1753 tunc

296 1781 442 1829 Druso
458 1781 592 1829 fuisse
607 1819 619 1838 ‚
645 1781 722 1829 etsi
729 1782 764 1829 is
780 1781 821 1828 in
839 1782 939 1829 belli
951 1782 1067 1829 nulla
1076 1792 1196 1848 parte
1201 1782 1340 1846 suerat
1351 1820 1363 1836 ‚
1391 1791 1437 1828 ut
1446 1781 1487 1828 in
1502 1790 1682 1828 senatum
1692 1820 1704 1836 ,

289 1857 525 1923 priusquam
553 1859 721 1906 allectus
740 1859 779 1905 in
806 1877 895 1906 eum
920 1858 1097 1906 ordinem
1125 1868 1244 1914 esset,
1279 1857 1435 1905 veniret
1448 1896 1458 1912 ,
1485 1868 1565 1905 etc.
1591 1856 1712 1904 nulla

298 1932 351 1980 de
375 1933 600 2000 triumpho
626 1933 846 1982 mentione
869 1934 991 1982 facta.

361 2019 563 2084 Denique
587 2031 741 2066 notare
763 2030 851 2076 est,
884 2018 1077 2066 eamdem
1097 2017 1240 2084 Epist.
1272 2030 1309 2065 Π
1339 2017 1474 2086 hyeme
1504 2017 1710 2083 scriptam

297 2095 454 2155 fuisse,
477 2096 662 2144 indicari
687 2115 796 2144 vers.
823 2094 970 2161 93—96
991 2115 1000 2142 :
1045 2130 1048 2133 ᾗ

514 2212 645 2247 Felices
659 2239 668 2256 ‚
687 2212 810 2257 quibus
826 2211 889 2246 hos
904 2211 999 2246 licuit
1013 2218 1165 2256 spectare
1183 2211 1379 2256 triumphos
1393 2237 1403 2254 ,

562 2274 609 2308 Et
626 2273 721 2308 ducis
741 2286 800 2307 ore
818 2273 913 2307 Deos
929 2273 1163 2318 aequiparante
1178 2272 1256 2306 frui.

521 2335 570 2369 At
585 2334 672 2368 mihi
689 2334 905 2369 Sauromatae
923 2346 986 2379 pro
1004 2332 1149 2368 Caesaris
1161 2345 1220 2367 ore
1238 2331 1377 2367 videndi
1391 2358 1401 2376 ,

559 2396 738 2440 Terraque
755 2395 845 2441 pacis
861 2394 961 2440 inops
974 2420 983 2437 ,
1002 2393 1165 2439 undaque
1181 2397 1295 2429 vincta
1305 2395 1393 2437 gelu.

341 2511 351 2528 ¹
377 2508 510 2542 Praeter
534 2507 608 2541 loca
633 2505 789 2551 superius
813 2505 984 2549 indicata,
1002 2504 1080 2540 vide
1108 2504 1216 2549 ejusd.
1240 2503 1296 2539 lib.
1318 2502 1425 2549 Epist.
1445 2513 1491 2537 111
1506 2528 1516 2547 ,
1542 2514 1630 2537 vers.
1650 2501 1715 2544 683

302 2563 408 2608 Epist.
426 2574 495 2597 vm
507 2588 516 2606 ,
534 2576 620 2598 vers.
643 2577 660 2597 2
675 2588 683 2605 ,
705 2563 744 2596 52
760 2588 769 2605 ‚
789 2562 829 2608 75
843 2587 852 2604 ‚
872 2567 935 2596 etc.

341 2625 357 2644 ²
379 2622 453 2659 Lib.
471 2622 555 2659 LVI
570 2649 578 2666 ,
598 2635 672 2668 pag.
690 2624 761 2658 582.
