1794 3100
236 250 317 305 124
659 253 708 294 P.
756 252 991 297 OVIDII
1029 255 1201 299 VITA

229 353 427 392 senatum
451 341 632 392 allectos
654 344 858 393 affirmari
879 347 1055 412 nequit,
1082 366 1217 413 quum
1240 341 1291 396 etx
1313 347 1460 414 plures
1485 369 1538 399 ex
1557 369 1638 417 pa-

229 421 366 469 triciis
387 421 563 469 fuerint.

291 500 369 546 IV.
392 498 521 546 Haud
542 497 674 558 longe
686 497 836 546 abhoc
856 511 1049 566 tempore
1068 502 1336 550 removendae
1353 515 1458 551 sunt
1469 503 1639 570 priores

233 572 574 638 Ovzilzinupfiae,
596 574 649 621 de
669 573 833 638 quibus
849 575 942 641 ipse
958 576 1091 624 Trist.
1113 575 1187 623 lib.
1208 578 1285 635 IV,
1298 576 1368 625 El.
1392 591 1422 626 X
1437 615 1448 636 ‚
1468 597 1529 626 vs.
1549 577 1637 644 69:

445 672 548 704 Pane
563 670 648 704 mihi
659 684 762 714 puero
778 684 844 706 nec
861 671 963 717 digna
974 698 983 715 ,
1005 685 1070 708 nee
1085 673 1177 708 utilis
1194 687 1280 708 uxor

489 730 550 764 Est
567 729 644 764 data
662 743 670 765 :
689 743 764 775 quae
782 738 918 776 tempus
936 745 997 778 per
1015 733 1118 767 breve
1137 742 1243 779 nupta
1258 734 1332 770 fuit.

227 806 353 854 Paene
384 805 528 853 adhuc
550 825 661 871 puer
685 820 795 863 erat,
821 808 905 856 hoc
926 821 1016 867 est,
1041 812 1190 876 paucis
1213 810 1310 860 ante
1345 813 1469 860 annis
1492 815 1640 879 pueri-

226 884 330 931 tiam
358 902 576 945 egressus,
604 896 702 946 toga
731 885 845 932 virili
877 886 1017 935 fuerat
1045 888 1255 947 indutus3
1279 891 1465 939 necdum
1497 903 1640 941 tamen

217 962 420 1028 juventam
441 973 534 1009 erat
550 961 734 1027 adeptus
747 999 758 1018 ‚
780 982 874 1028 quae
884 975 981 1026 post
996 975 1057 1012 ter
1070 976 1249 1031 septenos
1251 965 1363 1032 flore
1379 986 1506 1016 armos
1514 987 1642 1034 genas

230 1038 371 1093 vestit,
394 1050 444 1085 ut
460 1038 593 1086 habet
612 1039 869 1088 Macrobius
887 1047 917 1088 ¹.
937 1034 1065 1089 Unde
1084 1054 1150 1090 est
1168 1045 1287 1109 quod
1307 1045 1474 1093 Statius
1497 1045 1572 1094 lib.
1585 1047 1640 1105 V,

228 1114 343 1180 Sylv.
368 1132 394 1161 2
409 1152 421 1172 ‚
440 1115 606 1162 barbam
626 1128 751 1164 vocat
770 1117 893 1180 signa
910 1118 1245 1186 validaejuventae
1260 1160 1274 1179 ,
1303 1141 1435 1188 quum
1455 1122 1510 1171 ad
1530 1122 1651 1171 Cris-

226 1191 378 1257 pinum
408 1203 492 1240 XVI
515 1211 654 1241 annos
672 1206 824 1242 natum
843 1195 950 1259 (vid.
972 1216 1081 1245 vers.
1116 1199 1192 1261 12)
1213 1198 1303 1247 haec
1326 1200 1440 1247 canit
1463 1218 1524 1248 vs.
1548 1198 1638 1247 62':

487 1319 495 1326 .
516 1319 522 1325 .
539 1318 547 1326 .
573 1292 742 1327 Nondum
758 1296 880 1328 valida·
899 1294 959 1328 tibi
977 1294 1073 1339 signa
1083 1295 1231 1339 juvente

445 1351 620 1396 Irrepsere
635 1356 731 1397 genis
742 1380 751 1394 ,
772 1360 808 1388 et
825 1353 937 1388 adhuc
953 1353 1056 1389 decor
1072 1355 1208 1402 integer
1224 1356 1297 1391 aevi.

290 1428 343 1474 V.
380 1428 532 1490 Quum
554 1429 609 1476 ad
633 1429 788 1478 alteras
812 1430 958 1478 statim
982 1428 1211 1480 transieris
1225 1433 1426 1499 nuptias,
1453 1435 1639 1500 quarm'n
1660 1419 1662 1421 Ι

228 1516 398 1569 [empus
422 1504 540 1554 certo
566 1506 743 1556 definire
760 1527 851 1555 non
874 1508 1025 1568 datur3
1051 1510 1367 1575 subjungamus
1391 1511 1520 1559 etiam
1544 1529 1640 1577 quae

224 1580 280 1646 *de
304 1580 372 1628 his
395 1582 529 1630 habet
550 1583 734 1642 ibidem,
758 1604 864 1633 vers.
894 1603 948 1651 71
974 1603 983 1630 ε

446 1681 498 1716 Illi
516 1683 675 1719 successit
692 1709 700 1727 ,
717 1684 873 1728 quamvis
889 1684 962 1719 sine
981 1684 1126 1719 crimine
1140 1711 1148 1728 ‚
1169 1686 1316 1729 coniux;

483 1743 564 1777 Non
583 1750 700 1778 tamen
719 1744 754 1778 in
773 1751 894 1779 nostro
913 1744 1014 1779 firma
1031 1745 1151 1779 futura
1168 1752 1257 1779 toro.

226 1818 450 1867 Alterutra
473 1819 557 1867 fuit
577 1820 781 1868 Phaliscis
803 1821 907 1885 (alii
927 1840 1007 1887 per
1033 1823 1069 1869 F
1096 1822 1321 1885 scribunt)
1345 1833 1464 1876 orta,
1489 1823 1641 1870 Amor.

228 1893 303 1943 lib.
331 1898 396 1943 ΙΙΙ
414 1934 425 1953 ,
451 1896 573 1959 Eleg.
600 1910 688 1945 xm
711 1897 806 1944 init.

447 1995 571 2039 Quum
589 1995 673 2029 mihi
690 1995 868 2040 pomiferis
884 1997 1010 2040 conjux
1027 1996 1119 2030 foret
1137 2004 1212 2031 orta
1230 1997 1392 2031 phaliscis
1409 2011 1416 2038 ;

436 2098 439 2101 ἱ
488 2055 621 2088 Moenia
638 2055 846 2100 contigimus
862 2057 949 2091 victa
961 2083 970 2096 ‚
993 2056 1139 2091 Camille
1153 2083 1162 2100 ‚
1181 2057 1264 2098 tibi3

231 2121 392 2198 quibus
418 2143 562 2197 patet,
587 2151 790 2189 uxorem,
823 2152 908 2198 qua
932 2133 1092 2194 comite
1126 2133 1170 2180 id
1207 2134 1397 2198 suscepit
1424 2132 1532 2190 iter,
1555 2133 1642 2197 jam

231 2208 317 2255 sibi
350 2207 571 2254 dimissam
604 2207 738 2255 fuisse
755 2245 766 2263 ,
802 2227 936 2273 quum
971 2208 1017 2255 id
1047 2210 1128 2256 hac
1164 2208 1316 2270 Elegia
1347 2208 1609 2256 describeret
1628 2227 1639 2255 :

233 2297 362 2350 atque
381 2284 487 2332 adeo
507 2283 559 2331 de
578 2285 701 2332 tertia
715 2285 899 2350 conjuge
915 2323 926 2343 ‚
952 2305 1046 2351 quae
1063 2286 1117 2334 ad
1133 2286 1230 2334 vitae
1243 2285 1369 2333 finem
1387 2296 1527 2350 nsque
1542 2302 1642 2350 per-

231 2361 409 2419 mansit,
436 2360 622 2424 intelligi
641 2363 805 2428 nequit.
839 2356 1131 2411 Phaliscorutu
1147 2375 1291 2411 autem
1313 2361 1489 2410 nomine
1509 2361 1642 2427 pleri-

233 2458 317 2505 que
335 2458 384 2487 ex
402 2440 594 2506 antiquis
612 2440 826 2507 populum
849 2440 1101 2503 intelligunt
1121 2448 1153 2499 ²,
1174 2441 1295 2506 cujus
1318 2439 1527 2506 oppidum
1549 2439 1642 2487 Fa-

233 2515 323 2562 lerii
342 2515 472 2563 fuerit
498 2516 683 2572 dictum,
708 2528 751 2564 et
784 2535 806 2562 a
843 2516 1028 2564 Camillo
1061 2528 1368 2584 expugnatum.
1403 2515 1474 2563 Ibi
1509 2532 1645 2581 quum

233 2589 396 2637 Junom‘
412 2591 571 2639 festum
596 2603 640 2639 et
663 2591 791 2639 ludos
823 2591 1159 2649 celebraverint,
1185 2603 1235 2639 ut
1257 2593 1420 2639 Noster
1442 2599 1612 2638 enarrat
1627 2622 1650 2646 ,-

279 2691 288 2708 ¹
315 2688 356 2722 In
374 2688 498 2722 Somn.
513 2689 602 2734 Scip.
621 2689 677 2725 lib.
693 2691 731 2733 1,
751 2703 821 2735 cap.
841 2690 871 2725 6.

279 2745 293 2762 2
319 2743 410 2778 Vide
431 2743 569 2778 Cellarii
589 2744 717 2790 Geogr.
741 2745 857 2789 Antiq.
875 2745 931 2779 lib,
950 2745 984 2779 ΙΙ
997 2770 1006 2788 ,
1024 2755 1095 2788 cap.
1109 2756 1139 2790 9.
