1794 3100
200 232 259 293 94
632 232 681 274 P.
725 233 1190 279 0V1D11.V1TA

199 325 306 381 erit,
343 335 394 371 ut
419 323 509 371 duo
532 322 615 370 hac
640 323 691 371 de
715 324 971 375 reNasonis
993 325 1135 373 nostri
1157 324 1253 373 loca
1274 325 1430 374 melius
1453 325 1615 376 intelli*

201 411 373 464 gantur.
1607 397 1611 403 ⁵

265 479 418 543 Itaque
442 496 578 543 quum
601 479 659 525 Ι).
683 478 849 526 Brutus
871 499 894 527 a
916 479 980 526 M.
1006 468 1204 526 Antonio
1228 479 1413 527 Mutinae
1432 498 1512 546 per
1530 492 1618 528 tres

205 555 376 603 circiter
401 572 571 602 menses
594 554 798 603 obsessus
823 555 894 602 vix
908 555 995 619 jam
1014 555 1269 614 sustineret,
1294 568 1424 622 atque
1446 557 1620 607 Rirtius

202 643 246 679 et
269 631 414 679 Caesar
438 630 691 696 aliquandiu
716 650 815 678 cum
838 630 963 679 firmo
988 633 1179 680 exercitu
1207 652 1252 680 se
1276 634 1620 691 continuissent,

201 709 274 758 ille
304 708 509 757 Claterna·
523 747 535 764 ,
561 708 638 755 hic·
655 707 709 755 ad
730 707 890 755 Forum
917 707 1146 756 Cornelium
1161 748 1174 765 ,
1198 722 1248 757 ut
1263 710 1449 758 Pansam
1468 713 1622 760 Romae

205 786 355 853 copias
378 805 430 834 ex
453 784 614 834 dilectu
637 784 773 834 Italiae
797 797 1117 851 comparantem
1139 796 1440 852 exspectarent
1462 794 1472 813 ¹
1493 807 1503 845 3
1523 799 1622 836 tan·-

204 863 302 910 dem
322 874 507 927 uterque
530 861 776 926 conjunctis
799 861 967 914 viribus
999 861 1053 910 ad
1086 862 1142 908 D.
1178 862 1368 910 Brutum
1393 862 1624 911 obsidione

204 937 478 986 liberandum
511 937 722 1003 profecti,
748 936 868 984 haud
891 935 1024 998 longe
1057 936 1113 984 ab
1140 936 1250 984 urbe
1274 937 1452 986 Mutina
1486 950 1626 987 castra

210 1015 362 1064 metati
380 1026 496 1063 sunt.
522 1037 544 1056 «
564 1014 800 1070 Antonius,
815 1032 951 1079 quum
970 1012 1237 1061 deditionem
1250 1031 1274 1060 a
1286 1014 1428 1062 Bru-to
1435 1014 1524 1080 jam
1535 1023 1626 1063 non

211 1115 234 1136 »
262 1092 452 1158 amplius
469 1102 663 1157 speraret
675 1127 687 1147 ‚
713 1089 863 1138 relicto
877 1090 924 1137 in
941 1089 1171 1138 obsidione
1189 1090 1314 1138 urbis
1333 1093 1382 1139 L.
1401 1093 1623 1146 Antonio,

209 1194 231 1213 υ
260 1157 392 1218 fratre
417 1189 497 1217 suo
512 1206 524 1226 ,
548 1168 593 1216 in
618 1169 829 1216 Caesarem
855 1180 896 1216 et
912 1169 1108 1217 Hirtium
1126 1169 1351 1234 profectus
1373 1182 1452 1219 est.
1474 1171 1625 1234 Quum

210 1272 234 1292 »
265 1260 405 1296 castra
421 1247 573 1296 castris
593 1259 738 1295 essent
757 1248 963 1313 opposita
977 1284 988 1305 ‚
1014 1265 1094 1313 per
1112 1246 1284 1313 aliquot
1302 1248 1393 1296 dies
1408 1251 1627 1315 equestria

209 1349 231 1368 »
262 1325 408 1392 praelia
432 1325 567 1382 levia,
595 1337 639 1373 et
672 1324 807 1372 dubia
840 1324 1019 1372 victoria
1043 1327 1275 1395 commissa
1306 1337 1436 1384 sunt,
1465 1349 1489 1368 n
1516 1338 1627 1375 teste

204 1405 349 1453 Dione
367 1411 398 1451 ².
418 1406 481 1452 Et
498 1404 650 1470 paucis
665 1415 769 1470 post
785 1402 914 1451 lineis
928 1402 1064 1461 addit,
1084 1403 1149 1450 M.
1166 1404 1424 1462 A‘ntonium‚
1438 1427 1465 1456 ,α
1490 1399 1627 1471 quum

210 1504 233 1523 »
259 1480 612 1547 appropinquare
634 1480 819 1527 Pansam
843 1479 1047 1537 sentiret,
1078 1479 1278 1527 hostium.
1307 1491 1445 1527 castra
1479 1495 1626 1547 oppa*-

211 1580 235 1600 »
263 1577 394 1620 gnare
414 1557 549 1606 fuisse
567 1576 819 1619 aggressum
836 1579 858 1599 »
876 1576 886 1613 ;
911 1568 955 1605 at
970 1558 1182 1605 Caesarem
1197 1557 1485 1623 Hirtiumque
1500 1579 1524 1600 (ι
1542 1575 1628 1617 eas-

213 1655 236 1675 »
263 1633 342 1681 tris
363 1652 466 1681 suos
489 1633 778 1689 continuisse,
804 1651 936 1698 eaque
961 1632 1236 1680 custodiisse.
1263 1656 1284 1675 »
1633 1646 1635 1648 '

278 1711 347 1758 Ad
378 1711 491 1758 hanc
517 1711 893 1777 oppugnationem
914 1709 1101 1758 feliciter
1121 1710 1175 1758 ab
1201 1709 1349 1757 Hirtio
1374 1710 1629 1774 Caesareque

210 1788 429 1853 repulsam
451 1787 497 1834 id
521 1788 683 1845 refero,
711 1787 832 1853 quod
869 1786 1041 1835 Ovidius
1064 1789 1271 1849 Augusto
1295 1786 1553 1852 palpaturus
1573 1785 1624 1833 ad

211 1879 331 1914 XVIII
352 1865 524 1913 kalend.
548 1865 690 1912 Maias
713 1865 854 1921 canit,
878 1866 994 1912 Fast.
1018 1863 1096 1912 lib.
1118 1865 1195 1920 IV,
1217 1882 1324 1912 vers.
1347 1862 1562 1910 625-628
1584 1883 1592 1909 ε

432 1964 525 1998 Luce
539 1970 695 1998 secutura
713 1970 804 1997 tutos
819 1969 896 2007 pete
910 1988 919 2005 ,
934 1962 1069 2005 navita,
1088 1968 1206 2006 portus
1222 1975 1229 1994 :

471 2023 610 2058 Ventus
627 2023 669 2057 ab
685 2035 807 2057 occasu
822 2021 990 2067 grandine
1010 2021 1131 2055 mistus
1147 2021 1224 2055 erit.

430 2085 567 2120 Scilicet
580 2091 619 2118 ut
634 2083 757 2125 suerit3
776 2090 894 2117 tamen
911 2082 976 2117 hac
991 2083 1199 2116 Mutmensia
1217 2084 1331 2117 Coesar

476 2144 657 2180 Grandine
676 2147 798 2179 militia
813 2143 972 2178 contudit
991 2155 1086 2181 arma
1100 2156 1172 2176 sua.

276 2236 449 2284 Deinde
465 2235 710 2293 Antonius,
729 2233 875 2299 pergit
887 2233 974 2280 Dio
988 2270 999 2290 ‚
1022 2255 1044 2274 «
1067 2231 1217 2279 relicta
1233 2231 1297 2280 ibi
1310 2243 1436 2297 „parte
1451 2250 1624 2280 suarum

217 2336 242 2357 »
268 2313 493 2379 copiarum
506 2349 518 2369 ‚
535 2311 612 2378 qui
630 2322 766 2360 castra
788 2309 957 2374 (Hirtii
981 2308 1271 2374 Caesarisque)
1297 2319 1600 2374 oppugnarent
1614 2346 1626 2365 ‚

218 2413 241 2433 »
266 2403 319 2439 ut
340 2403 383 2439 et
400 2391 494 2457 ipse
513 2389 659 2437 adesse
680 2388 859 2436 omnino
883 2386 1149 2439 crederetur..
1236 2385 1345 2434 clam
1364 2385 1414 2434 de
1433 2397 1563 2434 nocte
1580 2386 1626 2433 in

259 2512 273 2532 ¹
296 2509 389 2545 Vide
411 2509 523 2546 Cicer.
548 2510 606 2546 lib.
632 2510 729 2553 XII,
757 2507 865 2554 Epist.
885 2508 965 2543 sam.
985 2515 1058 2544 vet
1072 2519 1134 2550 vu
1153 2507 1239 2543 adde
1265 2507 1373 2553 Epist.
1394 2517 1480 2552 xxv,
1502 2521 1543 2543 ex
1561 2522 1627 2554 qua

215 2575 336 2615 patet,
368 2571 517 2602 Pansam
539 2566 738 2602 adhucdum
759 2568 897 2608 Rome,
925 2566 1014 2601 etin
1029 2567 1168 2606 Senatu,
1198 2566 1473 2610 Quinquatribus,
1501 2565 1629 2600 scilicet

216 2626 330 2669 primo
349 2624 442 2658 Festi
462 2623 516 2657 die
530 2649 539 2665 ,
569 2635 630 2657 seu
656 2622 777 2657 Martii
803 2633 866 2656 xn(
891 2621 996 2656 fuisse
1020 2634 1028 2655 :
1055 2621 1176 2656 confer
1191 2619 1251 2655 inf.
1268 2633 1344 2667 pag.
1365 2633 1436 2665 sqq.
1458 2619 1626 2664 Adeoque

214 2679 328 2713 Pansa
344 2677 483 2711 videtur
500 2678 614 2711 Roma
628 2676 803 2721 profectus
820 2675 965 2711 ineunte
983 2675 1104 2719 Aprili.

257 2733 274 2752 ²
295 2732 369 2766 Lib.
387 2731 509 2766 XLVI
524 2756 533 2773 ,
550 2743 626 2775 pag.
646 2730 720 2773 317.
