1794 3100
553 211 643 254 ET
677 210 1185 274 PRAEFATIONES.
1499 214 1584 257 305

155 303 350 371 graphiae
368 342 380 362 ,
409 314 453 351 et
474 303 750 368 astrologiae,
791 316 836 352 et
855 305 1053 364 musicae,
1085 302 1131 353 et
1157 305 1264 354 artis
1284 301 1521 367 oratoriae,
1547 320 1592 356 et

155 381 659 450 moralis'naturalisque
676 382 980 450 philosophiae
1003 385 1117 432 ratio
1142 384 1423 451 exprimitur,
1448 399 1500 435 ut
1520 388 1593 436 cui

157 457 311 508 Ovidii
340 459 719 526 Metamorphosis
749 459 862 508 bene
894 472 1103 527 percepta
1131 460 1213 520 sit,
1250 460 1507 511 facillimum
1534 464 1590 511 ad

157 555 309 586 omnes
339 537 596 604 disciplinas
630 538 800 586 aditum
842 537 1078 587 habiturus
1100 539 1284 606 ,neque
1320 539 1592 590 difficultatis

158 615 397 682 quicquam
419 614 466 663 in
487 615 583 664 ullo
602 614 692 664 fere
715 616 992 682 poeticorum
1015 636 1198 684 operum
1221 618 1483 668 inventurus
1500 638 1593 668 esse

155 693 368 743 videatur.
394 694 626 761 Quicquid
648 694 762 743 enim
786 694 984 762 praeclari
1007 697 1225 755 Musaeus,
1254 698 1489 765 Orpheus,
1507 693 1593 746 'Li-

155 791 266 831 nus,
291 773 541 831 Homerus,
573 774 777 840 Tyrtaeus
794 810 806 831 ,
832 772 1057 822 Hesiodus
1075 811 1088 832 ,
1114 774 1335 841 Panysius
1355 813 1367 832 ,
1391 776 1595 824 Antima-

156 850 294 908 chus,
325 849 514 906 Aratus,
545 849 812 908 Pisandros,
851 850 1093 910 Nicander,
1121 851 1416 918 Euphorion,
1441 854 1594 902 Theo-

158 928 318 987 critus,
340 927 612 995 Apollonius
637 929 714 995 qui
727 928 1027 992 Argonautica
1042 932 1245 997 scripsit,
1273 931 1570 981 Callimachus
1584 970 1597 991 ,

158 1005 380 1065 Philetas,
395 1004 711 1063 Mimnermus,
727 1004 945 1055 Pindarus
958 1044 970 1066 ,
991 1008 1271 1057 Stesichorus
1285 1045 1296 1065 ‚
1315 1008 1509 1067 Alcaeus,
1528 1009 1599 1058 Si-

159 1083 392 1142 monides,
417 1082 604 1150 Ibycus,
629 1082 940 1150 Bacchylides,
962 1086 1217 1143 Anacreon,
1243 1086 1427 1135 Alcman
1442 1125 1453 1145 ‚
1485 1088 1600 1155 Sap—

162 1164 280 1231 pho,
305 1164 512 1229 Corynna
526 1199 538 1217 ,
558 1161 883 1220 Archilochus,
907 1163 1415 1235 Ananias,.Hipponax,
1435 1166 1601 1225 Arion,

160 1241 355 1308 Thespis
369 1278 383 1298 ‚
409 1239 692 1306 Phrynichus
706 1278 719 1298 ,
741 1239 980 1307 AEschylus
997 1279 1010 1299 ,
1035 1241 1282 1310 Sophocles
1297 1281 1308 1302 ,
1333 1244 1571 1311 Euripides
1589 1283 1601 1304 ,

160 1321 268 1378 Ion,
291 1317 491 1377 Acheus,
512 1317 743 1375 Cratinus,
765 1316 977 1384 Eupolis,
996 1317 1284 1369 Pherecrates
1300 1358 1311 1379 ‚
1336 1321 1604 1388 Aristopha-

161 1415 264 1456 nes,
290 1395 565 1454 Menander,
593 1394 829 1444 Philemon
846 1433 857 1454 ,
883 1395 1146 1455 Philisti0n‚
1176 1398 1479 1466 Pherecydes,
1513 1403 1603 1450 He-

162 1473 374 1532 rodotus,
398 1472 652 1530 Diodorus,
677 1471 837 1540 aliique
858 1473 993 1540 prisci
1017 1487 1061 1523 et
1082 1487 1223 1542 poetae
1246 1488 1288 1524 et
1315 1477 1517 1527 historici
1549 1477 1604 1526 li-

163 1562 355 1600 terarum
380 1548 680 1598 monumentis
703 1550 1090 1608 commenda-unu
1117 1552 1164 1600 id
1189 1557 1317 1601 om'ne
1343 1554 1533 1604 Ovidius
1557 1555 1603 1603 in

164 1648 289 1679 suam
311 1628 702 1696 Metamorphosin
726 1628 1008 1679 transtulisse
1026 1631 1199 1680 videtur
1202 1670 1315 1681 .....

303 1863 613 1912 HENRICI
652 1862 1025 1913 GLAREANI
1060 1865 1461 1941 DEDICAJHO

517 1979 665 2014 ANTE
701 1980 941 2015 ΜΕΤΑΜΟ
954 1981 1209 2016 RPHOSES
1225 2008 1235 2026 ‚
1299 1968 1374 2009 &212²

696 2102 864 2128 musam
886 2102 1051 2128 rmucu’r
1063 2119 1073 2137 ‚

190 2203 250 2245 D.
287 2201 602 2245 POPPONI
646 2174 922 2247 ὀοΜΙΤῙ
962 2205 1048 2247 ΑΒ
1084 2204 1577 2251 ΗΕΝΝΕΝΒΕΒΟ.

239 2327 590 2375 SAEPENUMERO
615 2346 785 2376 mecum
807 2329 958 2378 mirari
984 2330 1107 2379 soleo
1121 2368 1133 2388 ,
1166 2329 1353 2379 illustris
1372 2333 1577 2401 princeps
1593 2374 1604 2395 ,

174 2404 355 2452 unicum
379 2418 541 2453 nostrae
566 2405 705 2453 aetatis
729 2405 888 2464 decus,
921 2419 1142 2456 naturaene
1170 2407 1359 2466 malitia,
1383 2428 1438 2457 an
1463 2410 1608 2460 homi-

174 2502 283 2532 num
315 2483 448 2532 ascita
481 2482 723 2550 petulantia
754 2483 855 2545 fiat,
889 2498 939 2534 ut
960 2486 1072 2534 nihil
1106 2500 1195 2535 tam
1223 2487 1356 2544 bene,
1382 2488 1495 2537 nihil
1521 2503 1607 2540 tam

174 2559 363 2609 feliciter
383 2573 589 2610 nascatur
606 2599 617 2618 ,
644 2560 765 2628 quod
795 2581 886 2611 non
923 2565 1213 2630 quorumdam
1244 2564 1509 2615 cavillationi
1534 2590 1609 2636 pa-

177 2640 277 2688 teat,
300 2638 438 2704 Quod
459 2638 567 2687 adeo
591 2639 873 2690 manifestum
896 2640 947 2689 fit
974 2642 1020 2689 in
1042 2641 1128 2690 hoc
1151 2655 1284 2709 poeta
1307 2657 1464 2694 nostro
1482 2684 1493 2704 ,
1520 2667 1609 2714 quo

178 2716 250 2764 vix
287 2717 522 2783 quisquam
553 2718 802 2784 copiosius,
828 2739 962 2774 nemov
977 2720 1241 2785 jucundius,
1266 2742 1315 2771 ac
1339 2723 1450 2772 citra
1480 2743 1607 2773 omne

338 2799 488 2843 VIII.
1313 2821 1368 2848 20
