1794 3100
262 255 341 299 160
681 257 733 298 P.
775 257 1012 301 OVIDII
1054 259 1236 302 VITA

253 347 392 398 exsilii
415 349 482 397 sui
500 367 672 397 causam
684 349 796 398 hanc
812 350 950 416 ipsam
970 350 1098 409 dicit,
1122 351 1255 400 Trist.
1274 351 1352 400 lib.
1376 353 1445 411 ll,
1466 371 1526 401 vs.
1548 371 1604 402 21
1619 372 1664 403 1:

461 446 581 482 Altera
597 459 674 492 pars
688 455 845 492 superest
860 475 869 492 ,
888 461 955 493 qua
969 449 1060 495 turpi
1077 449 1223 484 crimine
1240 457 1349 484 tactus

511 507 653 553 Arguor
669 507 818 543 obscoeni
834 508 954 543 doctor
970 509 1129 544 adulterii
1143 537 1152 554 ,
1172 518 1235 545 etc.

247 585 455 644 Eamdem
492 604 668 650 quoque
700 586 912 635 rationem
949 606 1001 635 ex
1035 588 1164 636 Juliae
1194 588 1459 651 relegatione
1485 589 1660 638 deducit

246 663 479 712 Bucherius
505 670 515 688 ¹
537 701 548 720 ,
571 663 674 711 licet
695 663 807 712 male
831 665 886 712 sit
910 664 1113 731 opinatus
1129 704 1143 723 ,
1162 666 1318 714 Martis
1343 665 1554 732 templum
1573 667 1657 714 kal.

242 740 429 805 Augusti
447 739 691 787 dedicatum
716 758 824 787 esse.
1283 748 1285 750 ’

307 819 389 865 ΙΙΙ.
416 816 617 865 Alterum
649 817 781 865 nobis
818 816 1007 866 Ovidius
1042 818 1294 884 suppeditat
1323 829 1626 881 argumentum
1644 855 1656 876 ‚

245 911 333 959 quo
358 893 589 949 docemur,
614 894 763 940 Artem
782 893 1041 940 Amatoriam
1064 893 1150 940 hoc
1177 912 1292 940 anno
1317 895 1372 941 U.
1400 895 1451 941 C.
1476 905 1656 951 DCCLII,

240 972 287 1019 in
299 971 440 1020 lucem
455 970 687 1037 prodiisse.
705 970 880 1018 Scilicet
897 970 948 1019 de
966 968 1164 1019 Parthica
1183 972 1460 1038 expeditione
1477 991 1657 1029 canens,

239 1047 294 1096 ad
319 1066 447 1113 quam
476 1059 566 1094 tum
586 1065 632 1095 sc
650 1046 904 1126 apcipgebat
924 1045 1051 1094 Caius
1067 1047 1258 1109 Augusti
1280 1066 1332 1095 ex
1349 1047 1474 1095 Julia
1493 1065 1633 1113 nepos
1645 1084 1658 1105 ,

238 1136 282 1172 at
312 1123 551 1190 adoptione
585 1122 730 1181 filius,
767 1123 860 1188 ejus
895 1135 1063 1171 aetatem
1097 1124 1159 1172 sic
1195 1123 1433 1182 describit,
1467 1123 1546 1173 lib.
1578 1125 1600 1172 I
1633 1143 1657 1171 a

236 1220 346 1249 VCI'S.
379 1218 463 1267 177
488 1220 497 1248 Ξ

457 1281 547 1316 Ecce
564 1288 661 1327 parat
683 1282 799 1315 Coesar
810 1281 944 1316 domito
956 1307 965 1325 ,
986 1282 1080 1327 quod
1096 1278 1205 1316 defuit
1220 1309 1229 1326 ,
1247 1283 1322 1317 orbi

498 1342 639 1377 Addere
657 1355 665 1376 :
686 1355 802 1386 nunc,
820 1346 929 1376 or1'cns
944 1342 1065 1377 ultime
1078 1369 1087 1386 ‚
1107 1343 1318 1377 noster-eris.

449 1405 589 1443 Partho,
610 1403 705 1437 dabis
721 1415 838 1448 poenas
856 1417 863 1437 :
885 1405 1003 1437 Crassi
1016 1403 1161 1448 gaudete
1178 1402 1324 1447 sepulti,

491 1462 666 1508 Signaque
682 1463 875 1497 barbaricas
891 1475 964 1496 non
983 1463 1073 1497 bene
1091 1476 1185 1508 passa
1203 1476 1337 1497 manus.

448 1523 556 1558 Ultor
572 1522 667 1557 adest
683 1537 691 1565 ;
707 1527 891 1569 primisque
912 1524 1036 1559 ducem
1053 1523 1237 1568 profitetur
1252 1523 1288 1558 in
1304 1523 1408 1558 armis
1421 1525 1454 1557 ²:

491 1583 656 1628 Bellaque
674 1596 746 1617 non
764 1596 873 1628 puero
888 1591 1011 1618 tractat
1025 1583 1159 1630 agenda
1168 1597 1261 1628 puer.

447 1645 584 1678 Parcite
602 1643 752 1687 natales,
771 1643 906 1687 timidi,
924 1656 1111 1678 numerare
1129 1644 1289 1677 Deorum
1306 1656 1314 1676 :

489 1706 677 1739 Coesart'bus
690 1705 799 1739 virtus
813 1705 957 1750 contigit
973 1713 1052 1739 ante
1069 1703 1163 1738 diem
1177 1731 1186 1748 ,
1202 1711 1266 1738 etc.

456 1764 627 1809 Auspiciis
643 1768 828 1809 am'misque
835 1769 947 1809 patris
961 1778 1048 1809 puer
1065 1778 1159 1799 arma
1177 1764 1330 1798 movebis
1343 1776 1350 1797 ε

490 1824 537 1858 Et
550 1825 666 1859 vinces
682 1828 805 1858 animis
822 1824 1046 1869 auspiciisque
1056 1827 1178 1867 patris.

443 1884 527 1918 Tale
544 1884 787 1918 rudimentum
805 1891 902 1918 tanto
918 1884 980 1918 sub
996 1883 1140 1917 nomine
1161 1882 1264 1917 debes
1279 1895 1287 1917 2

489 1945 594 1979 Nunc
604 1946 763 1989 juvenum
773 1948 929 1988 princeps
943 1943 968 1987 ³,
987 1943 1114 1978 deinde
1130 1943 1249 1978 future
1265 1956 1390 1978 senum
1405 1970 1414 1988 ,
1429 1951 1492 1978 etc.

269 2026 280 2045 ¹
305 2022 411 2068 Belgi.
435 2020 539 2057 Rom.
564 2036 637 2068 pag.
653 2025 705 2058 82.

265 2082 281 2100 ²
304 2078 374 2113 Alii
394 2078 495 2113 codd.
510 2083 610 2112 onmis
624 2078 763 2112 habent.
781 2080 783 2082 ’
1024 2122 1027 2126 ἃ

265 2134 279 2157 ³
300 2135 437 2170 Scilicet
454 2134 560 2169 Caius
575 2136 734 2178 Princeps
749 2135 937 2169 Juventutis
955 2135 1029 2181 jam
1049 2140 1129 2168 ante
1146 2134 1335 2179 adpellatus
1350 2134 1462 2169 fuerat
1473 2160 1483 2178 ,
1502 2141 1538 2170 et
1554 2135 1638 2180 qui-

224 2192 328 2236 dem,
347 2198 386 2226 ut
398 2191 468 2225 Dio
487 2189 616 2224 indicat
640 2189 721 2233 (lib.
738 2189 817 2232 LV,
836 2202 910 2234 pag.
932 2189 1045 2235 553),
1072 2204 1181 2236 quum
1205 2194 1333 2225 virilem
1355 2191 1469 2225 induit
1489 2196 1600 2234 togam
1621 2200 1634 2231 ,⁶

224 2262 330 2295 quam
359 2256 400 2284 ut
424 2248 454 2282 ei
479 2243 577 2282 daret
603 2247 778 2292 Augustus
800 2260 838 2281 ac
859 2250 1012 2281 tirocinio
1031 2250 1206 2294 deduceret
1226 2251 1261 2282 ln
1285 2243 1422 2288 Forum,
1457 2248 1555 2293 petiit
1573 2247 1636 2282 sibi

218 2309 448 2351 duodecimum
465 2307 687 2344 consulatum,
714 2303 770 2346 (in
790 2317 843 2337 an.
860 2305 907 2338 U.
934 2304 974 2338 C.
995 2305 1104 2351 749),
1124 2305 1174 2339 uti
1200 2312 1236 2340 et
1256 2312 1372 2350 postea
1387 2309 1516 2339 tertium
1539 2307 1637 2338 deci·

218 2375 306 2396 mum
322 2362 337 2403 (
346 2362 383 2395 in
399 2373 454 2395 an.
471 2361 562 2405 752),
584 2359 621 2393 in
637 2360 739 2393 Lucii
753 2358 896 2394 Caesaris
913 2360 1070 2405 gratiam,
1085 2368 1168 2395 teste
1184 2362 1345 2399 Suetonio,
1360 2359 1416 2394 lib.
1433 2360 1482 2402 Π,
1494 2372 1566 2404 cap.
1585 2359 1636 2394 26.

220 2418 312 2454 Rem
328 2418 370 2453 de
389 2418 455 2452 hoc
476 2424 623 2462 utroque
640 2429 703 2451 suo
718 2425 844 2461 nepote
855 2443 864 2461 ,
883 2430 943 2451 seu
956 2429 1018 2462 per
1031 2417 1255 2462 adoptionem
1267 2416 1356 2460 filio,
1376 2418 1456 2452 Caio
1468 2423 1503 2451 et
1515 2418 1630 2456 Luub,

218 2474 266 2508 sic
282 2474 428 2518 ipsemet
447 2474 624 2518 Augustus
642 2472 788 2506 dilucide
807 2472 843 2506 in
861 2473 955 2506 Vitae
984 2473 1153 2507 breviario
1173 2473 1344 2516 narravit,
1370 2480 1472 2517 prout
1491 2485 1532 2507 ex
1554 2485 1636 2506 mo-

218 2528 383 2561 numenti
407 2529 585 2573 Ancyrani
601 2526 803 2572 apographis
817 2553 826 2571 ,
847 2534 882 2560 et
895 2527 1111 2571 potissimum
1129 2540 1169 2560 ex
1183 2527 1240 2560 illo
1252 2553 1261 2569 ,
1285 2526 1379 2571 quod
1403 2529 1500 2560 Paul.
1523 2527 1636 2560 Lucas

218 2584 355 2628 edidit,
387 2585 501 2629 paucis
523 2583 644 2618 litteris
675 2582 866 2617 necessario
897 2590 933 2617 et
959 2581 1056 2617 sacile
1086 2581 1246 2627 suppletis
1262 2607 1271 2624 ‚
1302 2581 1469 2616 habemus
1495 2594 1503 2616 :
1529 2581 1632 2616 finos

217 2649 314 2675 nuos
332 2649 421 2682 Qvos
445 2649 592 2673 1vvenes
607 2649 702 2672 mnu
714 2645 869 2673 'Empvrr
889 2647 1016 2672 FATVM
1035 2646 1151 2671 CAIVM
1170 2647 1215 2671 ΕΤ
1237 2647 1378 2671 chwM
1398 2646 1584 2672 CAESARES.
1597 2630 1625 2669 ,ἶ

218 2704 380 2731 110NOR1s
399 2704 469 2728 ΜΕΙ
486 2703 599 2729 CAVSA
618 2703 779 2729 SENATVS
797 2704 1025 2736 POPVLVSQV‘E
1049 2702 1225 2728 ROMAst
1242 2702 1376 2728 ANNVM
1392 2704 1563 2737 va'rvm
1581 2704 1627 2728 ΕΤ

159 2749 163 2752 s
217 2758 394 2783 nEctmvm
411 2757 570 2783 AGEN'rls
589 2757 760 2783 CONSVLIS
778 2756 1001 2783 nnsmrmvrr
1015 2757 1062 2782 VT
1081 2757 1159 2780 EVM
1176 2756 1450 2783 MAffls'rRA'tvm
1467 2757 1625 2782 lmmm'r
