1794 3100
239 280 325 322 216
680 280 730 321 P.
767 278 1001 322 0V1D11
1034 279 1201 323 VITA

235 370 471 425 Pleiadum,
492 369 569 418 sed
599 380 746 417 ortum
774 370 1027 426 amnicum
1045 383 1091 418 at
1104 370 1315 434 Virgilius
1331 372 1522 421 eamdem
1540 374 1645 423 anni

234 459 403 514 partem
438 446 639 508 designat
661 464 741 511 per
771 445 995 494 Pleiadum
1030 467 1255 506 occasum,
1289 449 1364 498 sed
1400 450 1608 498 cosmicum
1627 470 1644 506 ;
1693 486 1697 497 ,

233 537 367 591 prout
389 525 491 571 viris
515 523 657 571 doctis
685 529 695 548 ¹
718 523 805 587 jam
829 524 1121 574 observatum.
1146 526 1344 576 Pleiades
1368 546 1470 576 vero
1486 565 1498 587 ,
1521 529 1645 594 juxta

232 601 422 649 Plinium
449 606 464 624 ²
490 599 747 648 occidebant
771 612 828 648 111
854 600 958 649 Idus
979 603 1255 652 Novembris.

295 681 374 727 ΠΙ.
405 680 502 726 Hoc
525 678 674 726 itidem
699 697 814 726 anno
835 691 1018 727 exeunte
1036 680 1310 748 triumphum
1331 682 1384 730 de
1406 683 1645 733 Pannoniis

231 757 532 823 Dalmatisque
556 776 579 805 a
601 756 781 804 Tiberio
802 757 981 805 ductum
1006 777 1121 816 esse,
1156 771 1325 808 constat
1353 761 1467 809 inter
1496 780 1652 810 recen-·

230 834 361 881 tiores
383 832 580 880 doctrina
604 843 849 897 temporum
872 832 1188 881 celeberrimos.
1230 835 1365 898 Quod
1390 838 1552 902 paucis¹
1572 857 1643 886 os-

232 910 422 958 tendisse
436 947 448 965 ‚
472 909 703 975 proposito
723 920 877 956 nostro
902 922 1237 958 consentaneum
1257 912 1340 959 erit
1353 949 1364 970 ,
1390 932 1526 978 quum
1542 914 1643 963 Ovi-

228 987 319 1034 dius
339 986 463 1034 illum
489 986 658 1051 aliquot
677 986 892 1052 Epistolis
916 986 1019 1034 libri
1044 989 1086 1034 II
1109 1007 1162 1036 ex
1186 989 1331 1036 Ponto
1350 988 1512 1038 laudet.

292 1063 434 1124 Igitur
457 1061 641 1109 Velleius
661 1062 902 1110 Paterculus
925 1063 1048 1111 testis
1067 1063 1287 1122 oculatus,
1308 1084 1444 1130 quum
1466 1064 1545 1113 lib.
1571 1066 1615 1113 II
1629 1103 1642 1124 ,

227 1157 321 1205 cap.
354 1140 443 1198 104
461 1175 472 1194 ,
496 1149 740 1195 narrasset,
765 1157 810 1187 se
834 1139 888 1186 ab
912 1139 1147 1205 adoptione
1175 1140 1331 1187 Tiberii
1344 1140 1523 1188 missum
1543 1160 1640 1189 cum

227 1235 279 1264 eo
316 1215 568 1281 praefectum
604 1216 800 1282 equitum
831 1216 876 1263 in
919 1217 1223 1276 Germaniam,
1250 1217 1642 1268 caelestissimorum

226 1293 318 1358 ejus
339 1312 519 1359 operum
532 1330 543 1351 ,
562 1312 642 1359 per
655 1312 782 1341 annos
796 1294 999 1342 continuos
1016 1314 1172 1351 novem,
1197 1308 1484 1363 spectatorem
1503 1309 1545 1345 et
1561 1297 1640 1345 ad-

223 1373 412 1438 jutorem
433 1371 587 1428 suisse;
616 1372 770 1419 deinde
787 1392 880 1438 cap.
911 1390 965 1420 12
978 1392 993 1419 1
1013 1374 1437 1430 scribit,·Tibe1-ium
1457 1395 1515 1424 ex
1529 1376 1640 1424 Ger·-

223 1449 365 1498 mania
388 1450 427 1496 in
447 1449 580 1496 urbem
600 1468 793 1498 reversum
807 1489 818 1506 ,
832 1450 1091 1516 jampridem
1113 1452 1285 1500 debitum
1299 1491 1310 1508 ,
1344 1453 1417 1501 sed
1432 1454 1640 1501 continua—

224 1526 328 1573 tione
362 1525 556 1572 bellorum
594 1524 762 1572 dilatum
786 1564 797 1580 ,
840 1544 894 1573 ex
931 1526 1155 1575 Pannoniis
1202 1529 1482 1595 Dalmatis-que
1517 1529 1640 1594 egtkse

223 1603 483 1668 triumphum.
504 1603 583 1650 Isti
601 1615 746 1651 autem
760 1622 894 1651 novem
918 1605 1034 1661 anni,
1062 1606 1116 1653 ab
1137 1626 1253 1654 anno
1271 1609 1328 1654 U.
1352 1608 1401 1655 C.
1427 1618 1639 1656 DCCLVHs

226 1692 269 1729 et
293 1679 468 1745 quidem
492 1692 522 1726 v
542 1678 628 1726 kal.
648 1681 676 1727 J
679 1679 789 1727 ulias
805 1718 816 1738 ,
842 1700 931 1746 quo
955 1680 1023 1728 die
1041 1681 1244 1730 Tiberius
1261 1682 1316 1730 ab
1338 1684 1542 1746 Augusto
1557 1683 1642 1732 fuit

222 1757 482 1821 adoptatus,
510 1755 709 1812 deducti,
736 1756 771 1803 si
794 1755 989 1805 labentes
1014 1757 1224 1806 duntaxat
1247 1757 1564 1822 intelligantur,
1589 1773 1640 1809 ut

224 1832 352 1900 plane
385 1833 550 1897 judicio
582 1834 636 1881 cl.
674 1833 866 1881 virorum
895 1834 1078 1891 debent;
1115 1835 1217 1883 hinc
1241 1854 1413 1884 necesse
1443 1837 1555 1895 erit,
1588 1850 1638 1886 ut

225 1911 476 1978 triumphus
497 1909 569 1957 ille
593 1910 679 1957 hoc
702 1929 818 1958 anno
844 1913 900 1959 U.
930 1912 978 1959 C.
1008 1924 1211 1970 DCCLXV,
1231 1913 1320 1977 jam
1343 1913 1495 1963 adulto
1516 1926 1561 1963 et
1581 1915 1637 1963 ad

221 1987 352 2035 finem
375 1999 576 2049 vergente
600 1987 757 2035 ductus
781 1988 851 2035 sit.

288 2065 354 2113 Cl.
378 2058 621 2113 Bucherius
648 2064 662 2089 ³
687 2064 788 2112 illos
810 2084 943 2113 novem
973 2084 1100 2113 annos
1126 2066 1261 2114 veluti
1282 2066 1478 2116 labentes
1500 2068 1635 2117 adsu-

223 2161 344 2191 mens
360 2179 370 2199 ‚
398 2143 571 2190 eosdem
594 2141 649 2189 ad
669 2154 837 2191 sextum
855 2155 932 2190 aut
949 2143 1148 2209 quintum
1169 2163 1359 2193 mensem
1380 2157 1631 2211 promovet,

220 2231 351 2285 atque
374 2219 558 2284 proinde
582 2218 773 2282 colligit,
803 2221 1074 2286 triumphum
1091 2221 1213 2269 illum
1235 2222 1306 2270 vix
1327 2234 1428 2269 ante
1449 2223 1632 2271 Decem-

221 2297 343 2344 brem
363 2297 738 2344 autNovembrem
752 2297 932 2362 hujusce
947 2299 1048 2347 anni
1061 2300 1260 2366 potuisse
1273 2301 1386 2349 duci.
1402 2300 1549 2349 Alibi⁴
1568 2314 1632 2350 ta-

262 2423 273 2441 ¹
299 2420 467 2455 Gassendi
486 2420 598 2455 Instit.
615 2421 757 2455 Astron.
772 2421 829 2456 lib.
849 2422 888 2465 Ι,
905 2435 977 2468 cap.
995 2436 1036 2457 20
1049 2449 1058 2466 ,
1085 2431 1119 2458 et
1133 2430 1212 2459 ante
1228 2424 1326 2458 illum
1342 2425 1445 2459 Jonn.
1462 2425 1569 2461 Sacro
1585 2426 1630 2461 de

219 2476 328 2510 Bosco
347 2475 431 2520 Sph.
446 2489 518 2521 cap.
536 2477 566 2510 3.
594 2475 651 2511 Ad
667 2489 772 2521 quem
790 2477 906 2512 locum
924 2478 1063 2513 Clavius
1079 2491 1087 2512 z
1109 2494 1126 2509 «
1145 2480 1320 2523 Tempore
1332 2506 1341 2523 ,
1361 2481 1428 2524 ait,
1445 2482 1628 2524 autumni,

222 2546 238 2561 »
257 2532 328 2566 sole
346 2531 504 2567 videlicet
521 2532 686 2567 existente
704 2533 740 2567 in
757 2533 902 2579 Scorpio
915 2561 925 2577 ,
951 2535 1113 2570 oriuntur
1137 2534 1292 2570 Pleiades
1309 2537 1441 2581 vesperi
1464 2536 1527 2571 sub
1550 2537 1631 2572 solis

221 2603 238 2618 a»
258 2601 415 2623 occasum
428 2615 437 2633 ,
456 2589 491 2623 id
504 2597 554 2624 est
567 2616 575 2632 ‚
595 2590 766 2625 chronice.
784 2606 800 2620 υ

260 2650 275 2668 ²
298 2648 371 2682 Lib.
392 2648 426 2683 11
439 2675 448 2691 ,
466 2662 538 2694 cap.
554 2651 594 2695 47
609 2663 618 2691 ;
634 2650 691 2684 lib.
708 2651 859 2693 XVIII,
878 2664 950 2698 cap.
968 2655 1008 2687 25
1023 2678 1033 2696 ,
1051 2654 1090 2687 31
1105 2678 1115 2696 ,
1131 2659 1194 2687 etc.
1213 2653 1305 2687 Vide
1321 2667 1394 2699 sup.
1410 2667 1483 2700 pag.
1500 2667 1572 2702 ¹79·

259 2708 273 2729 3
295 2709 391 2755 Belg.
409 2710 559 2744 Roman.
578 2710 634 2744 lib.
654 2712 708 2746 ΙΙΙ
722 2738 730 2754 ,
748 2724 820 2756 cap.
836 2713 867 2746 3.

260 2769 275 2791 4
297 2769 384 2804 Eod.
402 2768 458 2805 lib.
476 2782 547 2814 cap.
566 2783 582 2804 2
594 2795 603 2813 ,
622 2769 651 2815 S.
672 2771 710 2805 13
724 2796 733 2814 ,
751 2784 825 2816 pag,
847 2773 918 2806 103.
