1794 3100
580 237 711 282 PER
743 238 786 280 J.
823 198 1140 281 MAsst.
1498 253 1588 297 229

143 333 308 401 quibus
320 342 470 399 patet,
491 329 720 386 Marciam,
745 329 870 378 Fabii
892 330 1079 378 Maximi
1099 329 1352 393 conjugem,
1371 348 1398 377 a
1416 330 1581 378 Marcio

142 408 465 476 Phllc'ppo,qu1
452 405 676 458 Herculeis
690 408 910 457 Musarum
923 407 1060 457 aedem
1075 407 1254 464 refecit,
1274 406 1549 456 descendisse
1566 445 1578 465 ‚

142 488 231 537 sive
253 487 386 536 fuerit
405 485 481 535 ille
505 487 685 536 Marciae
705 506 829 544 avus,
858 487 948 536 sive
960 497 1094 552 pater.
1118 488 1236 535 Eum
1254 504 1357 534 vero
1380 486 1579 534 Torren-

143 565 234 614 tius
250 563 416 632 aliique
436 563 518 612 viri
542 563 664 613 docti
685 563 896 612 adserunt
916 563 1051 612 fuisse
1075 562 1284 612 Marcium
1307 561 1550 629 Philippum
1564 601 1577 619 ‚

141 639 337 705 Augusti
354 640 543 688 vitn'cum
560 646 589 688 ¹.
614 640 674 689 At
687 641 850 689 Noster
868 639 982 689 clare
1001 639 1175 707 prodit,
1195 648 1463 695 materteram,
1484 657 1579 687 non

141 736 244 768 vero
262 727 429 781 matrem
443 717 651 780 Augusti,
663 729 850 784 nuptam
863 717 986 767 illius
1003 717 1108 767 aedis
1122 715 1371 766 restitutori
1391 722 1407 741 ²
1423 716 1573 764 fuisse.

140 796 386 863 Subiungit
407 797 525 846 enim
540 833 552 854 ‚
575 814 684 845 vers.
707 794 802 862 809
824 808 868 844 et
892 795 988 843 810
1009 815 1018 843 :

358 896 473 940 Nupta
487 893 556 930 fuit
572 894 752 940 quondam
770 901 949 930 matertera
966 893 1115 930 Caesaris
1135 897 1207 930 illl:

405 954 441 991 Ο
459 955 565 991 decus
577 982 587 1000 ‚
605 969 627 990 o
642 969 737 991 sacra
752 955 888 990 femina
902 955 1007 1002 digna
1022 956 1131 992 domo
1149 956 1156 989 !

141 1033 272 1084 Unde
307 1033 439 1083 simul
469 1033 736 1098 intelligitur
776 1053 855 1083 cur
902 1034 1091 1084 Ovidius
1106 1072 1118 1092 ‚
1155 1033 1234 1083 lib.
1265 1036 1287 1082 I
1318 1052 1370 1082 ex
1401 1035 1547 1083 Ponto
1563 1072 1575 1093 ‚

141 1110 288 1182 Epist.
304 1124 368 1170 11,
387 1131 511 1162 suam
529 1112 715 1162 laudans
733 1131 916 1164 uxorem
931 1151 943 1170 ‚
965 1113 1103 1171 dicat,
1126 1131 1218 1161 eam
1233 1112 1436 1168 Marcioe,
1463 1113 1580 1161 sicut

144 1199 188 1236 et
207 1200 310 1241 ante
325 1199 549 1239 materteroe
573 1189 752 1241 Caesank
776 1188 977 1239 dilectam
998 1189 1134 1239 fuisse
1147 1227 1159 1247 ‚
1180 1189 1247 1238 uti
1266 1208 1398 1256 supra
1419 1188 1433 1214 ³
1451 1200 1580 1237 nota-

144 1267 298 1316 vimus.
322 1267 459 1334 Quod
482 1287 640 1336 nempe
663 1268 834 1317 Marcia
852 1280 1035 1317 matrem
1054 1306 1066 1328 ‚
1085 1268 1154 1316 vel
1173 1268 1327 1318 saltem
1348 1269 1485 1318 aviam
1499 1268 1579 1317 ha-

143 1345 293 1394 buerit
308 1356 560 1395 materteram
583 1346 790 1410 Augusti.

210 1424 342 1476 Alius
374 1437 442 1475 est
467 1426 649 1493 insuper
681 1425 806 1475 locus
825 1464 837 1484 ‚
867 1425 942 1474 hic
969 1445 1062 1474 non
1084 1425 1417 1492 praetereundus
1437 1464 1449 1483 ‚
1489 1444 1579 1492 quo

144 1504 308 1552 Noster
319 1502 501 1556 indicat.
515 1523 639 1553 suam
655 1523 838 1553 uxorem
851 1523 903 1553 ex
915 1504 969 1553 F
962 1504 1244 1553 abiiMaximi
1255 1505 1418 1554 familia
1429 1504 1578 1563 fuisse,

146 1598 197 1630 ac
214 1581 422 1630 stIarciam
445 1601 725 1650 summopere
745 1582 934 1631 coluisse
953 1603 963 1641 ;
985 1581 1152 1632 scilicet
1174 1583 1252 1632 lib.
1282 1585 1348 1632 III
1373 1603 1423 1631 ex
1446 1585 1580 1632 Pont.

146 1658 291 1726 Epist.
311 1671 330 1707 Ι
346 1697 358 1718 ,
376 1677 489 1708 vers.
514 1658 663 1726 75-78
684 1681 694 1708 ε

365 1758 446 1793 Hoc
463 1760 582 1793 domm·
593 1758 699 1794 debes
711 1785 720 1802 ‚
738 1760 779 1793 de
793 1772 859 1804 qua
875 1763 1020 1794 censeris
1030 1786 1039 1799 ,
1061 1766 1101 1794 ut
1115 1758 1211 1794 illam

412 1819 495 1854 Non
513 1818 622 1865 magis
639 1818 763 1854 officiis
774 1845 783 1863 ,
799 1831 906 1865 quam
923 1820 1094 1865 probitate
1105 1847 1113 1863 ,
1131 1821 1232 1855 colas.

375 1878 515 1915 Cuncta
533 1880 614 1915 licet
627 1880 751 1923 facias3
770 1880 837 1915 nisi
853 1880 897 1916 sis
911 1880 1091 1916 laudabilis
1104 1907 1113 1924 ,
1130 1894 1235 1923 uxor,

414 1941 496 1976 Non
517 1941 647 1986 poterit
661 1941 758 1978 credi
774 1942 910 1977 Marcia
926 1944 1020 1976 culta
1034 1942 1106 1977 tibi.

217 2018 278 2067 lis
291 2018 563 2079 addendum,
583 2040 726 2071 errare
737 2020 962 2087 Lipsium‚
985 2041 1123 2087 quum
1141 2020 1195 2069 ad
1212 2021 1415 2070 Tacitum
1434 2035 1581 2081 notat,

153 2097 328 2145 Marciae
348 2097 555 2147 maritum
572 2117 664 2147 esse
686 2099 869 2147 Fabium
891 2097 1018 2147 illum
1040 2098 1300 2156 Maximum,
1327 2100 1403 2166 qui
1427 2101 1585 2150 consul

152 2173 238 2223 fuit
257 2193 372 2233 anno
389 2174 516 2223 urbis
534 2186 725 2224 Dccxul
745 2175 906 2243 (capit.
927 2175 1109 2241 nimir.)
1129 2177 1294 2225 Verum
1313 2177 1447 2242 hujus
1465 2177 1585 2227 filius

120 2313 131 2327 '
147 2311 312 2351 partiswn
339 2306 421 2342 huic
439 2307 570 2353 templo
597 2306 800 2352 adjunctam
819 2321 839 2343 a
858 2310 992 2343 Marcio
1015 2310 1190 2353 Philippa,
1219 2321 1285 2354 pro
1307 2321 1430 2352 more,
1457 2308 1585 2346 fuisse.
1577 2323 1586 2331 ·

155 2363 308 2407 «Vites,
325 2377 475 2407 censeo,
490 2367 655 2409 portuum
671 2366 843 2410 Philippi:
858 2365 897 2400 Si
915 2372 949 2400 te
965 2365 1090 2400 viderit
1103 2368 1284 2407 Hercules,
1304 2367 1463 2411 peristi.»
1455 2367 1586 2403 Adde

158 2421 242 2455 Pan.
257 2420 314 2499 {ib
308 2420 486 2499 .bXXXV,
506 2433 578 2466 cap.
598 2432 662 2455 ιο.
681 2419 874 2455 «Zeuxidis
892 2433 1001 2456 manu
1019 2421 1142 2456 Roma:
1158 2422 1298 2457 Helena
1315 2429 1367 2458 est
1382 2422 1418 2457 in
1436 2422 1588 2470 Philippi

158 2477 256 2509 »por
273 2477 314 2499 ic}
342 2478 380 2500 us

201 2525 293 2560 ¹De
308 2538 380 2571 quo
397 2526 545 2562 Sueton.
560 2526 617 2561 lib.
644 2526 680 2562 II
694 2551 703 2569 ,
721 2540 795 2573 cap.
810 2527 831 2561 8
843 2553 852 2571 ,
871 2534 911 2562 ut
926 2527 984 2572 qui
1003 2535 1078 2572 post
1098 2526 1183 2561 Julii
1202 2527 1348 2562 Caesaris
1364 2540 1489 2564 necem
1505 2542 1589 2564 can-

147 2583 280 2618 'sulan's
297 2587 397 2616 esset.

198 2644 214 2663 ²
237 2641 338 2677 Idem
353 2641 494 2678 videtur
511 2656 550 2678 ac
566 2643 643 2687 ille,
673 2643 732 2689 qui
765 2639 931 2678 Tribunus
949 2645 1060 2687 plebis
1083 2642 1186 2678 initio
1210 2642 1298 2679 Beni
1328 2643 1448 2679 Civilis
1477 2645 1589 2680 Pom-

156 2700 270 2747 peiani
286 2713 295 2735 z
311 2699 400 2736 Caes.
419 2700 462 2736 de
480 2699 571 2736 Bell.
588 2699 666 2735 civ.
686 2700 743 2735 tib.
761 2701 790 2735 1.

201 2759 214 2782 ³
238 2761 321 2808 Pag.
343 2764 413 2796 125.
