1794 3100
244 241 327 284 322
681 237 1208 284 DEDICATIONES

243 334 472 401 patribus,
511 344 564 382 ut
599 333 857 382 Macrobius
893 334 1053 391 refert,
1083 345 1251 383 ‘tantam
1288 333 1432 400 plebis
1469 335 1649 398 gratiam

238 417 448 484 adeptus,
485 435 580 482 quae
600 428 723 464 antea
748 415 986 479 cogebatur
1015 416 1228 465 rationem
1257 416 1425 465 dierum
1455 429 1603 483 petere
1625 436 1648 466 a

237 499 516 566 principibus
541 498 752 555 civitatis,
781 508 833 545 ut
853 509 982 545 natus
1009 498 1103 564 ipse
1123 497 1330 547 libertino
1363 509 1510 565 patre,
1537 498 1651 560 sicut

237 581 408 629 Plinius
426 580 602 629 scribit.
626 592 793 628 creatus
811 580 869 628 sit
885 579 1020 628 aedilis
1040 579 1202 628 curulis
1214 617 1226 638 ‚
1245 580 1476 646 praeteritis
1495 568 1551 629 C.¹
1563 580 1649 630 Pe-

236 663 330 712 tilio
366 675 408 710 et
439 662 665 719 Domitio,
702 681 887 728 quorum
915 674 1062 728 patres
1099 661 1301 715 consules
1324 662 1523 720 fuerant3
1558 662 1648 729 quo

239 758 433 811 tempore
453 744 510 792 ob
535 743 731 792 dolorem
755 744 898 792 omnis
917 743 1125 792 nobilitas
1144 743 1306 792 dicitur
1321 743 1510 792 annulos
1530 744 1682 817 ahie--

237 826 358 874 cisse.
383 826 474 874 Nec
495 844 578 874 nos
596 825 751 883 lateat,
772 825 957 882 fastum,
984 845 1119 891 quum
1137 844 1221 891 pro
1240 824 1387 873 annali
1404 824 1521 874 libro
1539 827 1650 874 acci-

234 908 381 973 pitur,
406 907 679 973 frequentius
703 907 905 956 secundae
930 906 1231 955 declinationis
1256 925 1348 955 esse
1364 927 1375 965 3
1393 919 1467 965 ut,
1501 907 1649 956 Insta-

233 988 376 1054 batque
399 988 503 1044 dies,
530 989 600 1053 qui
620 988 693 1035 dat
713 988 876 1035 nomina
881 988 1036 1051 sustin·
1066 1000 1108 1036 et
1121 1025 1132 1044 ‚
1159 988 1364 1054 Tempora
1389 989 1428 1036 si
1436 989 1652 1055 fastosque

233 1071 335 1119 velis
367 1072 542 1119 evolvere
567 1069 716 1117 mundi.
749 1070 975 1118 Invenitur
999 1081 1141 1118 tamen
1166 1082 1209 1117 et
1234 1082 1397 1136 quartae
1418 1071 1537 1138 apud
1557 1073 1650 1120 Lu—

233 1172 414 1210 canum;
439 1164 516 1210 ut,
541 1151 722 1200 Eudoxi
737 1152 922 1199 vincetur
929 1152 1106 1212 fastibus
1125 1170 1267 1199 annus.
1306 1153 1444 1215 Quod
1465 1153 1649 1218 ejus'er-

230 1255 327 1284 rore
350 1235 573 1301 prolatum
597 1234 771 1282 Servius
793 1245 948 1299 putat,
985 1234 1059 1300 qui
1088 1252 1113 1281 a
1138 1234 1363 1282 Prisciano
1387 1235 1542 1282 merito
1573 1234 1647 1283 de-

229 1317 542 1383 prehenditur,
571 1335 708 1382 quum
738 1316 1009 1381 antiquiores
1032 1333 1213 1381 quoque
1233 1315 1647 1365 invenianturfidem

232 1398 434 1447 similiter
448 1397 708 1464 protulisse;
730 1398 869 1445 Varro
886 1417 895 1444 :
916 1420 938 1439 «
952 1397 1178 1459 Virtutum
1191 1415 1318 1445 causa
1328 1398 1356 1444 J
1359 1396 1436 1445 ulii
1451 1398 1646 1456 CaesariS‚

233 1502 256 1522 »
284 1482 361 1547 qui
383 1479 521 1528 fast'us
544 1479 755 1536 correxit,
781 1479 943 1527 mensis
963 1478 1110 1526 Julius
1135 1478 1381 1545 appellatus
1403 1491 1479 1527 est.
1504 1503 1527 1523 »
1560 1481 1647 1529 Co·

229 1561 404 1610 lumella
424 1582 434 1609 :
458 1584 479 1603 «
493 1562 657 1609 Verum
681 1561 726 1608 in
750 1560 832 1608 hac
849 1560 964 1608 ruris
980 1559 1221 1626 disciplina,
1241 1579 1403 1627 sequor
1418 1581 1534 1610 nunc
1552 1563 1648 1610 Eu-

232 1643 333 1691 doxi
357 1655 402 1690 et
422 1641 642 1699 Metonis,
678 1641 1052 1707 antiquorumque
1087 1640 1225 1690 fastus
1256 1642 1591 1705 astrologorum.
1620 1667 1643 1687 »

231 1726 467 1774 Sciendum
505 1744 606 1772 sane
625 1762 636 1783 ‚
662 1723 873 1773 Ovidium
903 1724 1125 1789 scripsisse
1158 1714 1386 1788 duodecim
1417 1727 1648 1776 Fastorum

233 1807 387 1865 libros,
405 1826 593 1873 quorum
611 1805 742 1854 hodie
758 1825 831 1854 sex
853 1816 1021 1853 tantum
1038 1818 1234 1854 exstant:
1253 1825 1343 1854 non
1359 1818 1646 1873 posteaquam

234 1902 299 1938 est
319 1888 536 1951 relegatus
559 1887 606 1935 in
630 1888 824 1935 Pontum
838 1924 851 1944 ‚
871 1899 921 1935 ut
944 1886 1120 1952 quidam
1143 1886 1377 1945 adserunt,
1403 1878 1578 1936 adducti
1599 1889 1646 1937 in

237 1989 328 2018 eam
352 1970 602 2036 opinionem
622 1968 692 2017 his
710 1968 909 2018 versibus
928 2005 939 2025 ,
964 1967 1039 2033 qui
1056 1967 1262 2030 leguntur
1280 1969 1326 2016 in
1351 1982 1506 2036 quarto
1528 1969 1647 2021 illius

237 2053 381 2118 operis
405 2052 521 2100 libro
540 2089 552 2110 ‚
578 2071 687 2100 vers.
708 2051 764 2098 81
790 2071 800 2099 :

451 2160 629 2195 Sulmonis
645 2160 764 2205 gelidi,
782 2161 919 2206 patriae,
937 2161 1145 2196 Germanice
1158 2188 1166 2204 ‚
1186 2168 1333 2197 nostrae:
1350 2163 1515 2206 (moenia)

493 2221 555 2256 Me
569 2220 752 2255 miserum!
772 2221 934 2268 Scythico
951 2234 1056 2266 quam
1071 2222 1191 2266 procul
1202 2222 1257 2257 ille
1273 2222 1346 2257 solo
1359 2224 1426 2257 est!

236 2317 312 2367 scd
336 2330 435 2366 ante
463 2317 789 2380 relegationem.
820 2317 1107 2383 Inscripserat
1138 2317 1251 2365 enim
1285 2317 1370 2365 hoc
1402 2336 1513 2383 opus
1548 2319 1644 2367 Au-

236 2411 366 2462 gusto
384 2437 395 2458 ‚
420 2399 544 2464 cujus
566 2398 800 2447 editionem
828 2397 903 2447 illa
932 2399 1233 2462 indignissima
1267 2398 1544 2461 relegationis
1574 2419 1645 2448 ca-

236 2481 406 2530 lamitas
428 2480 682 2547 impedivit;
710 2480 830 2545 quod
849 2479 1028 2546 planum
1046 2492 1110 2528 est
1132 2481 1292 2528 horum
1315 2481 1551 2530 carminum
1574 2501 1645 2530 ar*

243 2574 449 2624 gumento
465 2600 476 2621 ‚
506 2581 602 2628 quae
626 2561 810 2624 legimus
830 2562 876 2609 in
897 2562 1030 2609 Trist.
1056 2564 1125 2620 ll,
1147 2580 1257 2610 vers.
1285 2561 1373 2628 547
1399 2583 1410 2611 τ

449 2677 502 2712 Ne
520 2683 637 2711 tamen
655 2689 759 2711 omne
779 2689 899 2711 meum
915 2676 1033 2712 credas
1049 2689 1133 2721 opus
1148 2689 1220 2711 esse
1237 2677 1417 2711 remissum
1438 2690 1447 2718 ;

497 2735 594 2779 Saepe
610 2736 690 2770 dedi
710 2743 836 2772 nostrae
850 2736 993 2781 grandia
1009 2735 1081 2769 vela
1098 2736 1172 2769 rati.
