1794 3100
393 231 849 277 DESCRIPTIO
882 231 1274 276 SULMONIS.
1458 231 1543 275 253

121 338 268 377 autem
285 325 399 376 cives
414 327 557 375 nostri
580 326 628 375 id
644 326 826 375 fecerint
842 364 854 385 ‚
876 327 992 375 ratio
1010 338 1077 375 est
1091 363 1104 385 ‚
1129 327 1233 393 quia
1251 326 1396 375 Caesar
1413 326 1547 375 Marii

120 416 298 454 secutus
312 416 379 454 est
389 417 536 472 partes
555 425 565 453 ε
581 404 821 471 Pompeius
835 423 938 453 vero
951 404 1080 472 Syllae
1092 443 1104 463 ‚
1118 404 1194 472 qui
1210 404 1388 472 quidem
1407 405 1525 472 Sylla
1537 444 1548 464 ‚

123 492 176 531 ut
197 482 402 549 superins
424 483 740 546 cognovimus,
778 481 1034 532 Sulmonem
1062 482 1195 532 deleri
1231 502 1278 531 ac
1315 482 1431 531 dirui
1458 483 1552 548 jus-

121 564 254 617 seran
277 558 500 625 ideoquea
518 558 685 608 Caesare
703 570 816 607 stare
832 557 1079 607 voluerunt.
1103 560 1168 608 M.
1181 558 1358 607 Tullius
1373 559 1527 607 Cicero
1540 596 1551 616 ,

121 632 201 684 lib.
223 635 335 684 VIII
347 673 359 695 ‚
377 636 433 685 ad
447 636 672 694 Atticum,
693 637 806 685 hanc
823 655 915 685 rem
932 636 1066 704 paulo
1084 636 1210 685 aliter
1229 649 1401 686 narrat:
1418 658 1440 679 «
1454 635 1555 684 Sul-

122 734 149 756 »
169 731 314 772 mone,
328 710 490 780 inquit,
503 715 551 764 C.
564 714 738 763 Attium
751 714 984 778 Pelignum
997 712 1221 781 aperuisse
1233 714 1434 762 Antonio
1449 732 1556 780 por-

122 810 148 832 »
170 799 262 847 tas,
283 808 423 856 quum
442 802 587 839 essent
609 790 816 839 cohortes
839 791 1034 857 quinque
1059 810 1068 837 :
1090 790 1148 854 Q.
1174 790 1431 838 Lucretium
1456 789 1557 838 inde

123 887 150 910 »
162 865 381 930 ,effugisse
395 867 503 916 scis:
520 868 701 917 Cnaeum
714 868 776 916 ire
789 867 1077 916 Brundisium
1094 867 1328 916 desertum.
1346 868 1559 917 Confecta

127 966 152 987 »
173 962 244 993 res
256 956 336 994 est.
356 967 379 988 »
394 947 457 993 At
471 957 617 994 tamen
628 946 768 1009 magis
782 946 943 994 Caesari
956 984 967 1003 ,
995 947 1071 1012 qui
1083 946 1216 995 rebus
1231 947 1434 1010 gerendis
1449 966 1560 1014 prae-

127 1034 243 1081 erat,
263 1042 395 1090 quam
410 1023 583 1072 absenti
600 1024 826 1082 Ciceroni,
846 1025 916 1071 cui
929 1061 941 1081 ‚
961 1023 1008 1071 id
1026 1036 1077 1072 ut
1089 1024 1144 1072 ab
1162 1024 1259 1073 aliis
1275 1025 1559 1089 intelligeret,

124 1118 301 1149 necesse
323 1111 416 1149 erat
432 1137 444 1158 ,
470 1099 733 1148 credendum
756 1119 851 1149 esse
873 1100 1078 1149 arbitror.
1108 1101 1302 1150 Orosius
1325 1103 1454 1151 etiam
1478 1102 1557 1151 lib.

125 1178 206 1234 Vl,
219 1194 313 1242 cap.
338 1193 355 1222 1
365 1174 408 1232 5,
424 1175 610 1225 Caesaris
623 1177 884 1224 sententiam
899 1176 1154 1226 confirmare
1167 1178 1364 1226 videtur:
1381 1202 1403 1222 «
1419 1180 1565 1230 Caesar

127 1274 210 1324 per
229 1254 501 1314 Antonium,
529 1267 599 1302 vn
621 1254 851 1313 cohortes,
876 1274 972 1321 quae
996 1256 1117 1322 apud
1139 1255 1394 1305 Sulmonem
1416 1277 1562 1306 mora-

127 1333 292 1383 bantur
306 1369 319 1391 ,
339 1351 365 1380 a
386 1331 593 1381 Lucretio
620 1331 789 1398 recipit.
819 1355 841 1374 »
859 1331 996 1380 Aliud
1013 1370 1025 1391 ‚
1057 1333 1178 1399 quod
1195 1333 1425 1382 adversum
1438 1334 1566 1384 illum

131 1411 295 1460 referre
317 1410 512 1478 possim,
537 1429 631 1458 non
658 1410 839 1459 memini
867 1429 936 1459 me
961 1410 1130 1474 legisse.
1157 1412 1256 1461 Nisi
1277 1412 1464 1462 fortasse
1485 1414 1531 1461 id
1550 1452 1561 1471 ‚

131 1489 253 1556 quod
276 1486 493 1555 Polybius
507 1525 519 1546 ,
540 1486 619 1536 lib.
641 1488 730 1546 III,
752 1500 796 1536 et
813 1488 994 1547 Livius,
1009 1488 1088 1537 lib.
1108 1491 1242 1537 XXII
1258 1527 1270 1548 ‚
1298 1490 1351 1538 de
1370 1490 1565 1554 Pelignis

130 1567 334 1616 scribunt
351 1604 364 1623 ‚
402 1566 479 1634 qui
501 1566 556 1615 ab
580 1567 832 1615 Hannibale
854 1567 1065 1617 devastati
1085 1581 1191 1617 sunt
1209 1607 1220 1626 ‚
1249 1589 1339 1636 quo
1366 1582 1566 1637 tempore

130 1643 393 1693 Sulmonem
425 1663 605 1710 quoque
639 1644 787 1712 ipsum
819 1644 988 1712 aliquid
1012 1645 1148 1694 cladis
1173 1659 1216 1694 et
1242 1647 1421 1713 jacturae
1445 1667 1566 1697 acce-

130 1722 275 1790 pisse,
297 1721 374 1789 qui
393 1721 559 1787 judicio
584 1721 748 1788 pollet,
770 1722 896 1772 facile
920 1723 1007 1772 sibi
1034 1724 1332 1790 persuadebit.
1357 1725 1427 1773 De
1461 1725 1564 1774 Sul-

130 1818 263 1848 mone
286 1799 415 1848 etiam
435 1798 552 1848 idem
577 1800 729 1848 Livius
749 1838 761 1858 ‚
797 1799 876 1848 lib.
909 1801 1090 1859 XXVI,
1115 1800 1278 1849 Strabo
1293 1839 1305 1859 ‚
1330 1800 1410 1849 lib.
1441 1803 1497 1859 V,
1523 1815 1566 1850 et

134 1876 398 1929 Ptolemaeus
415 1914 428 1935 ‚
451 1875 530 1924 lib.
569 1878 661 1935 III,
701 1896 794 1943 cap.
839 1896 857 1924 1
880 1916 892 1937 ,
924 1878 1230 1926 meminerunt.
1267 1878 1440 1926 Habuit
1475 1880 1566 1927 haec

136 1966 290 2004 nostra
310 1954 420 2003 urbs
442 1954 557 2003 inter
571 1954 682 2004 alios
699 1956 819 2004 viros
838 1954 978 2004 claros
997 1969 1226 2023 poetarum
1250 1956 1398 2005 lumen
1414 1995 1425 2014 ‚
1448 1957 1569 2005 OVI—

137 2045 268 2082 DIUM
293 2053 303 2080 :
331 2032 614 2081 Franciscum
636 2033 904 2092 Barbatum,
932 2034 1010 2100 qui
1032 2033 1157 2082 miles
1181 2034 1329 2097 regius
1345 2072 1357 2093 ‚
1378 2047 1422 2082 et
1436 2034 1569 2099 juris—

138 2108 367 2159 consultus
389 2110 573 2159 eximius
594 2110 700 2169 suit,
725 2111 970 2160 Petrarchae
991 2111 1156 2159 amicus
1170 2148 1181 2168 ‚
1209 2111 1264 2159 ad
1285 2131 1414 2177 quem
1432 2111 1572 2178 ipsius

139 2199 314 2236 exstant
329 2185 526 2253 epistolae
552 2188 920 2236 :INNOCENTIUM
945 2190 1054 2247 VII,
1080 2201 1264 2236 ΡοΝΤιΕ.
1291 2202 1407 2238 MAx.
1433 2189 1572 2237 cardi—

139 2265 259 2315 nales
293 2265 433 2323 duos,
458 2266 676 2314 Joannem
707 2278 752 2315 et
777 2269 1033 2315 Cosmatum
1064 2267 1352 2326 Melioratos‚
1378 2268 1573 2334 ejusdem

144 2340 370 2410 pontificis
391 2343 538 2392 fratris
560 2343 677 2391 filios
703 2363 713 2391 :
739 2343 812 2392 ille
837 2345 1067 2393 cardinalis
1093 2345 1145 2394 de
1173 2346 1379 2394 Ravenna
1404 2365 1576 2394 nuncu-

140 2433 273 2488 patus
286 2432 372 2479 est,
391 2433 435 2470 et
448 2421 781 2489 disciplinarum
798 2422 997 2470 omnium
1016 2421 1444 2485 intelligentissimus
1463 2423 1573 2472 fuit:

143 2497 217 2547 hic
240 2497 474 2547 cardinalis
498 2499 550 2548 de
576 2498 775 2557 Ursinis,
802 2510 934 2564 atque
959 2500 1136 2562 ingenio
1155 2500 1572 2566 perspicacissimus.

148 2575 425 2625 Ludovicum
464 2575 749 2625 Melioratum
783 2576 920 2625 Firmi
958 2576 1200 2644 principem
1223 2615 1234 2634 ‚
1261 2577 1338 2644 qui
1364 2579 1578 2626 exercitus

150 2653 274 2703 ducis
306 2653 551 2703 Mediolani
585 2655 816 2722 praesectus
844 2667 886 2702 et
918 2654 1157 2722 imperator
1191 2656 1277 2704 fuit
1303 2677 1312 2705 :
1345 2658 1582 2723 episcopos

145 2731 420 2791 nonnullos;
454 2744 498 2781 et
520 2734 721 2781 Marcum
746 2732 943 2781 Probum
963 2734 1030 2781 sui
1052 2734 1263 2801 temporis
1280 2746 1456 2801 poetam
1475 2735 1581 2783 satis
