1794 3100
505 206 591 249 ET
625 185 1147 251 PRAEFATIONES.
1453 207 1538 251 303

103 319 149 350 se
172 299 248 350 illa
276 299 454 367 quidem
479 301 629 349 ferant
655 300 859 350 falsitatis
885 314 927 349 et
953 300 1280 350 mendaciorum
1317 304 1440 367 (quo
1464 322 1543 350 no-

103 378 219 430 mine
238 378 359 445 apud
391 378 599 429 indoctos
632 391 677 428 et
706 380 938 447 imperitos
968 391 1108 446 poetae
1142 377 1254 427 male
1281 379 1540 442 audiunt),

100 455 321 523 fidemque
349 455 439 506 illis
462 469 621 508 temere
646 459 909 507 adhibentes
938 459 1080 526 decipi
1102 457 1334 507 videantur
1361 479 1370 506 :
1395 471 1538 506 tamen

102 551 242 600 quum
267 532 354 582 sub
378 533 469 585 illis
493 535 604 602 ipsis
626 537 944 600 integumentis
966 548 1098 603 atque
1127 535 1435 603 putaminibus
1460 536 1542 584 ab-

101 611 331 662 :conditus
369 614 428 663 sit
456 615 653 664 veritatis
676 616 885 674 nucleus3
909 615 997 665 hoc
1029 615 1221 664 efficitur
1239 651 1251 674 ,
1277 626 1329 662 ut
1351 615 1410 662 sit
1430 617 1448 662 ὅ
1467 615 1539 673 μὲν

100 690 312 746 εἶπαι-ἧσαι
326 696 562 757 θικαιὸτεξσς
582 698 660 744 τοῦ
671 695 731 757 ,wi
750 696 1043 752 ἄπατυῖσειντος,
1068 694 1130 743 καὶ
1153 698 1173 742 o‘
1193 694 1400 748 ἀπατηθεὶς
1416 695 1540 751 σοφώ-

99 791 195 832 τερος
212 773 290 818 ταδ’
298 770 358 831 μδ
377 772 648 831 durnah-ng,
667 776 910 824 secundum
929 774 1107 839 Gorgiae
1122 773 1291 821 dictum
1304 773 1423 840 apud
1441 773 1541 822 Plu-

99 847 488 906 tarchunblibello
507 853 588 905 πιῖς
603 853 754 901 &cI-cdv
767 857 842 900 νέον
862 851 1095 912 πειηματὲἴν
1107 851 1261 898 oinov'm.
1282 851 1433 917 Atque
1455 851 1539 899 hoc

101 943 266 987 genus,
301 939 353 976 ut
381 929 448 978 sic
476 929 661 998 loquar,
692 931 978 998 imposturae,
1013 929 1144 977 etiam
1177 927 1327 975 divino
1360 928 1539 977 Platoni

100 1002 210 1051 adeo
227 1003 408 1064 adrisit,
429 1020 480 1056 ut
500 1027 637 1075 quum
660 1008 955 1076 philosophiae
975 1007 1136 1056 limites
1161 1006 1359 1074 proferre
1375 1006 1422 1054 in
1445 1008 1537 1054 ani-

100 1101 175 1130 mo
196 1083 381 1134 haberet
395 1125 406 1142 ‚
429 1086 485 1135 ab
511 1089 714 1137 oratione
742 1088 920 1155 quidem
943 1105 1226 1136 numerorum
1253 1098 1367 1135 certa
1389 1087 1542 1135 mode-

99 1160 272 1209 ratione
295 1162 506 1213 adstricta
530 1164 823 1222 abstinuerim
847 1186 871 1214 a
894 1163 1146 1214 fabularum
1177 1176 1322 1213 autem
1350 1184 1541 1232 usurpa-

102 1237 222 1288 tione
238 1241 417 1290 minime
437 1242 525 1292 sibi
543 1245 876 1311 temperaverit:
900 1244 1098 1311 quamvis
1115 1241 1406 1301 Aristoteles,
1421 1262 1536 1290 novo

103 1315 294 1381 quodam
319 1303 551 1388 exemplo,
585 1323 768 1392 antiqua
798 1321 1150 1409 philosophandi
1177 1320 1271 1384 lege
1296 1334 1535 1388 per·,1upta

99 1391 145 1442 et
165 1392 246 1443 has
269 1409 312 1444 et
334 1396 431 1447 illas
451 1399 722 1472 neglexerit:
744 1400 817 1449 sed
844 1401 928 1456 ita,
954 1411 1004 1448 ut
1024 1399 1166 1467 ipsius
1188 1398 1381 1447 brevitas
1405 1410 1537 1466 atque¹

100 1472 375 1524 subtilitas
362 1495 408 1524 in
439 1470 752 1528 conservandis
777 1478 1047 1546 disciplinis,
1071 1497 1152 1526 nec
1183 1476 1317 1541 vulgo
1339 1478 1537 1544 proden-

100 1552 191 1612 dis,
215 1566 260 1603 et
277 1558 486 1607 carminis
507 1558 646 1608 vicem
672 1571 820 1622 gerat,
849 1571 891 1607 et
912 1556 1176 1607 fabularum.
1203 1557 1368 1605 Verum
1392 1555 1445 1604 de
1468 1556 1537 1605 his

99 1629 229 1697 plura
248 1650 367 1682 nunc
388 1637 721 1684 commemorari
744 1656 838 1685 non
861 1647 929 1684 est
946 1653 1153 1684 necesse:
1178 1645 1415 1691 eteorum,
1441 1654 1535 1700 quae

98 1702 159 1759 de
181 1703 432 1761 fabularum
464 1713 705 1764 involucris
733 1715 947 1763 hactenus
983 1714 1098 1762 dicta
1131 1725 1259 1771 sunt,
1291 1712 1537 1778 exemplum

96 1786 237 1850 magis
247 1779 457 1837 idoneum
474 1789 674 1856 proferri
680 1791 863 1858 nequit,
890 1792 972 1839 hoc
993 1790 1147 1839 Ovidii
1169 1800 1394 1857 poemate,
1415 1788 1537 1854 quod

98 1862 525 1934 Metamorphoseon
552 1868 720 1918 titulo
707 1869 956 1937 inscripsit3
982 1869 1028 1917 in
1054 1887 1142 1935 quo
1164 1868 1321 1916 seriem
1340 1867 1536 1915 historiae

100 1942 183 2004 (id
207 1945 330 2010 quod
356 1945 486 1994 initio
511 1947 661 2014 operis
690 1960 821 2014 poeta
851 1947 948 2014 ipse
978 1947 1246 2014 profitetur)
1270 1946 1327 1993 ab
1351 1945 1535 1994 exordio

99 2021 253 2069 mundi
276 2022 329 2070 ad
354 2043 431 2094 sua
453 2015 594 2091 usque
622 2037 820 2093 tempora
845 2025 1077 2074 deductam
1094 2064 1105 2084 ,
1133 2024 1299 2073 fabulis
1322 2023 1504 2073 involvit
1528 2043 1535 2081 ;

100 2113 290 2161 quarum
309 2099 563 2150 occasiones
575 2101 738 2168 partim
753 2122 777 2151 a
792 2121 939 2151 rerum
955 2114 1176 2166 gestarum
1197 2100 1428 2150 eventibus
1446 2100 1534 2148 huc

98 2175 436 2225 accommodata!
457 2190 561 2226 sunt
578 2217 590 2237 ,
619 2180 779 2245 partim
803 2200 826 2229 a
850 2193 1018 2229 naturae
1042 2179 1416 2246 subjectionibus,
1443 2177 1535 2225 aliae

98 2251 293 2320 denique
314 2274 338 2303 a
362 2257 564 2304 'moribus
588 2269 630 2305 et
647 2258 747 2307 vitae
762 2259 1009 2307 communis
1031 2257 1335 2307 admonitione
1360 2256 1533 2304 desum-

97 2328 208 2396 pt'ae,
233 2344 360 2381 tanto
392 2333 569 2401 quidem
604 2354 704 2383 cum
729 2336 916 2384 artificio
941 2345 1116 2402 'tamque
1147 2334 1338 2383 mirabili
1362 2332 1535 2382 sabula—

98 2404 201 2458 rum
214 2411 408 2477 ipsarum
430 2413 779 2479 dispensatione,
795 2426 848 2463 ut
867 2432 959 2463 non
977 2415 1110 2462 modo
1132 2415 1406 2462 eruditorum
1426 2431 1534 2460 con-

98 2504 256 2537 sensus
270 2490 356 2539 hoc
367 2506 487 2558 opus
501 2502 684 2558 propter
698 2492 963 2550 doctrinam,
986 2512 1115 2560 quam
1132 2492 1329 2540 continet
1344 2495 1395 2539 ex
1411 2490 1529 2538 omni

98 2565 579 2634 philosophiaevgenere
610 2569 953 2636 amplissimam,
977 2569 1239 2619 eruditionis
1278 2568 1532 2618 thesaurum

95 2641 355 2711 judicaverit
378 2667 390 2695 ε
413 2648 491 2696 sed
513 2650 645 2697 etiam
668 2668 719 2697 ex
744 2648 934 2706 Graecis,
952 2649 1144 2715 itemque
1163 2648 1260 2697 aliis
1277 2647 1530 2698 nationibus

100 2723 265 2778 inventi
290 2725 381 2773 sint
410 2725 574 2792 aliqui,
603 2726 692 2791 “qui
718 2738 806 2776 tam
832 2726 1028 2793 praeclari
1060 2726 1207 2794 operis
1244 2726 1530 2776 admiratione
