1794 3100
579 201 707 245 PER
739 201 782 244 J.
820 184 1119 245 MASSON.
1481 201 1560 244 133

110 317 112 321 ’
134 295 350 362 Adeoque>
366 295 529 344 frustra
554 307 621 344 est
643 294 851 361 Lipsius,
891 294 968 361 qui
992 295 1077 342 hoc
1101 294 1156 342 ad
1190 294 1443 343 tribunatus
1465 295 1561 360 jura

133 374 285 431 refert,
304 374 430 442 quasi
449 374 552 423 inde
571 374 743 442 priores
762 393 811 422 ex
830 386 911 422 xlv
932 373 1243 440 amphitheatri
1260 374 1468 436 gradibus
1486 394 1565 440 pa-

137 451 324 500 tuissent
347 451 562 508 tribunis,
590 451 811 517 quodjam
827 451 872 498 in
887 451 1063 499 Horatii
1079 449 1182 498 Vita
1198 455 1207 474 ¹
1226 450 1564 499 confutavimus.

202 531 283 578 Ill.
318 529 392 578 Ad
409 529 504 578 haec
526 548 703 596 quoque
734 540 931 595 tempora
966 527 1126 576 referre
1145 527 1342 596 juvenilia
1373 529 1567 576 Nasonis

135 607 314 656 canm'na
336 605 459 667 licet,
484 626 535 656 ex
558 607 678 655 hisce
701 606 836 655 Trist.
862 606 938 654 lib.
966 608 1046 664 IV,
1072 606 1195 669 Eleg.
1223 620 1274 664 x,
1297 623 1360 654 vs.
1385 602 1534 653 56-58
1555 624 1566 653 :

394 721 556 766 Notaque
573 733 647 756 non
665 718 764 755 tarde
781 719 872 754 facta
892 718 1015 754 Thalia
1031 730 1111 753 mea
1130 725 1191 753 est.

357 784 516 818 Carmina
532 795 641 828 quum
658 782 812 828 primum
831 780 960 827 populo
968 781 1138 825 juvenilia
1150 779 1216 825 legi
1231 805 1241 823 ,

398 843 514 879 Barba
530 851 661 879 resecta
679 842 766 877 mihi
787 842 881 877 bisve
899 841 1050 877 semelve
1067 841 1146 876 fuit.

135 934 328 984 Barbam
352 935 530 1002 quidem
553 934 742 987 Romani
768 934 994 1002 ponebant
1015 932 1177 989 serius,
1203 932 1356 989 citius3
1381 930 1460 979 sed
1477 929 1570 997 ple-

137 1033 323 1081 rumque
336 1014 421 1063 sub
439 1034 603 1064 annum
623 1014 763 1064 aetatis
781 1025 904 1070 XX11;
925 1011 1078 1079 Lipsio
1096 1017 1112 1036 ²
1129 1009 1332 1078 placebat
1349 1022 1447 1058 XXI.
1466 1010 1571 1057 Ma-

139 1091 299 1140 crebius
315 1101 418 1140 certe
432 1131 444 1149 ,
468 1092 555 1150 ait,
581 1092 621 1140 in
636 1091 778 1140 Somn.
796 1090 997 1157 Scipionis
1016 1102 1082 1138 ter
1100 1088 1397 1155 septenarium
1416 1107 1572 1136 nume-

139 1186 237 1215 rum
270 1167 436 1234 requiri
472 1168 528 1217 ad
561 1167 799 1218 radendam
832 1167 1016 1215 barbam
1049 1165 1290 1232 adfirmavit.
1331 1165 1400 1214 Cl.
1442 1163 1573 1212 etiam

139 1244 402 1298 Dodwellus
428 1245 466 1303 ³,
489 1257 540 1294 ut
571 1246 734 1312 probet
755 1246 965 1302 barbam,
990 1264 1107 1293 anno
1130 1245 1269 1293 aetatis
1296 1258 1406 1302 XXI,
1430 1262 1573 1292 rasam

140 1325 298 1384 fuisse,
319 1325 375 1374 ad
398 1324 515 1373 idem
538 1323 758 1373 Macrobii
788 1342 901 1390 opus
915 1361 926 1382 ,
956 1322 1082 1371 nullo
1107 1322 1223 1372 libro
1247 1323 1441 1390 capiteve
1463 1342 1573 1390 pro-

141 1401 257 1461 lato,
293 1422 376 1451 nos
407 1401 622 1451 amandat.
664 1402 726 1449 At
759 1415 896 1467 quum
925 1411 1072 1449 totum
1103 1399 1400 1467 pervolverem
1431 1419 1572 1467 opuS‚

140 1481 231 1530 haec
253 1481 388 1530 modo
407 1491 717 1530 succurrerunt
729 1518 740 1539 ‚
756 1478 833 1528 lib.
852 1480 893 1538 I,
914 1498 1006 1545 cap.
1025 1477 1054 1525 6
1069 1516 1080 1536 ,
1098 1477 1230 1526 verba
1251 1497 1259 1525 :
1280 1477 1387 1526 Post
1406 1488 1468 1525 ter
1480 1496 1570 1543 sep-

139 1570 252 1608 tenos
281 1578 408 1607 annos
422 1557 537 1627 flore
559 1577 687 1625 genas
717 1557 840 1606 vestit
861 1559 1042 1618 juventa.
1081 1554 1224 1604 Citius
1250 1567 1394 1604 tamen
1419 1555 1571 1603 validae

140 1636 266 1699 signa
284 1637 474 1702 juventoe
497 1636 620 1699 genis
643 1635 870 1705 irrepsisse
883 1672 895 1693 ,
916 1645 1103 1683 testatur
1121 1644 1275 1693 auctor
1294 1632 1499 1681 carminis
1517 1633 1572 1680 ad

139 1712 375 1777 Pisonem,
401 1732 586 1762 canens:

364 1819 539 1865 Quamvis
555 1833 652 1854 nunc
669 1819 821 1865 juvenile
840 1819 945 1854 decus
964 1819 1051 1854 mihi
1068 1818 1211 1865 pingere
1230 1817 1337 1854 malas

365 1879 523 1927 Coeperit
533 1907 542 1924 ,
562 1887 598 1916 et
614 1880 775 1915 nondum
793 1883 949 1916 vt'cest'ma
965 1880 1102 1915 venerit
1116 1887 1229 1914 oeslas.

145 1964 308 2015 Melius
331 1985 435 2015 vero
461 1965 528 2015 Cl.
554 1966 718 2029 Pagius
740 1963 756 1995 4
781 1965 901 2014 haud
922 1965 984 2014 ita
1007 1965 1179 2031 pridem
1197 1977 1351 2013 contra
1370 1966 1574 2032 Lipsium

145 2044 397 2103 contendit,
420 2045 605 2095 barbam
629 2044 682 2093 de
707 2063 828 2094 more
850 2062 966 2092 anno
991 2043 1130 2092 aetatis
1157 2055 1257 2091 XXII
1281 2042 1488 2093 inchoato
1506 2065 1575 2093 ra-

146 2144 236 2174 sam
251 2143 359 2173 esse.
378 2125 431 2172 In
443 2122 642 2190 exemplo
661 2135 806 2172 tamen
830 2121 928 2171 Caii
941 2120 1177 2170 difficultas
1195 2120 1340 2169 adhuc
1358 2135 1573 2188 superest.

146 2203 195 2252 Si
217 2201 420 2251 Suetonii
443 2201 592 2250 verbis
613 2200 910 2250 adhaereamus
923 2238 935 2256 ‚
963 2200 1097 2248 Caius
1114 2200 1304 2247 vicesimo
1322 2200 1454 2248 aetalis
1469 2219 1577 2249 anno

143 2279 293 2329 accitus
318 2278 503 2344 Capreas
517 2296 544 2326 a
568 2276 734 2325 Tiberio
747 2316 759 2333 ,
796 2296 876 2326 uno
903 2276 1119 2342 eodemque
1145 2276 1211 2324 die
1242 2286 1374 2342 togam
1403 2277 1572 2333 sumsit,

142 2357 388 2426 barbamque
396 2353 548 2426 posuit.
570 2355 631 2403 At
650 2353 770 2402 hunc
789 2353 934 2402 locum
958 2354 1019 2402 ita
1040 2354 1205 2418 Pagius
1224 2354 1426 2421 exponit,
1447 2366 1498 2402 ut
1515 2354 1578 2402 si-

144 2434 347 2500 gnificet,
372 2433 533 2484 Caium
554 2445 618 2481 XX
639 2431 779 2481 aetatis
803 2450 920 2480 anno
945 2432 1135 2499 Capreas
1158 2431 1327 2480 venisse
1343 2469 1354 2489 ‚
1377 2432 1462 2480 hoc
1486 2444 1577 2489 est,

188 2571 200 2590 ¹
226 2568 308 2614 Pag.
329 2566 493 2603 116-118.

190 2626 206 2644 ²
230 2623 372 2658 Excurs.
387 2622 429 2657 B.
444 2621 608 2660 in,'1'acit.
628 2621 721 2656 Ann.
740 2620 842 2656 XIV.

192 2680 206 2702 ³
228 2679 357 2715 Annal.
375 2679 528 2724 Quintil.
545 2693 579 2726 p.
604 2692 655 2726 79.
761 2722 763 2724 v

192 2739 206 2763 ὅ
231 2737 350 2774 Critic.
369 2736 404 2771 in
423 2736 551 2772 Annal.
567 2736 697 2771 Baron.
713 2734 754 2770 ad
771 2747 827 2770 an.
845 2733 887 2769 C.
905 2746 965 2769 ινι
977 2759 987 2777 ,
1010 2747 1045 2769 n.
1064 2748 1092 2769 ².
