<?xml version="1.0" encoding="UTF-8"?>
<!DOCTYPE html PUBLIC "-//W3C//DTD XHTML 1.0 Transitional//EN"
    "http://www.w3.org/TR/xhtml1/DTD/xhtml1-transitional.dtd">
<html xmlns="http://www.w3.org/1999/xhtml" xml:lang="en" lang="en">
 <head>
  <title>
</title>
<meta http-equiv="Content-Type" content="text/html;charset=utf-8" />
  <meta name='ocr-system' content='tesseract 3.04.00' />
  <meta name='ocr-capabilities' content='ocr_page ocr_carea ocr_par ocr_line ocrx_word'/>
</head>
<body>
  <div class='ocr_page' id='page_1' title='image "./quaeextantomniao08oviduoft_0423.png"; bbox 0 0 1794 3100; ppageno 0'>
   <div class='ocr_carea' id='block_1_1' title="bbox 373 212 1495 270">
    <p class='ocr_par' dir='ltr' id='par_1_1' title="bbox 373 212 1495 270">
     <span class='ocr_line' id='line_1_1' title="bbox 373 212 1495 270; baseline 0 -12"><span class='ocrx_word' id='word_1_1' title='bbox 373 213 464 258; x_wconf 89' lang='lat' dir='ltr'><strong>DE</strong></span> <span class='ocrx_word' id='word_1_2' title='bbox 497 213 548 256; x_wconf 98' lang='lat' dir='ltr'><strong>P.</strong></span> <span class='ocrx_word' id='word_1_3' title='bbox 585 213 852 258; x_wconf 89' lang='lat' dir='ltr'><strong>OVIDIO</strong></span> <span class='ocrx_word' id='word_1_4' title='bbox 883 212 1190 257; x_wconf 89' lang='lat' dir='ltr'><strong>NASONE.</strong></span> <span class='ocrx_word' id='word_1_5' title='bbox 1408 213 1495 270; x_wconf 75' lang='lat'><strong>413</strong></span> 
     </span>
    </p>
   </div>
   <div class='ocr_carea' id='block_1_2' title="bbox 18 305 1507 2654">
    <p class='ocr_par' dir='ltr' id='par_1_2' title="bbox 64 305 1502 428">
     <span class='ocr_line' id='line_1_2' title="bbox 64 305 1502 362; baseline 0 -12"><span class='ocrx_word' id='word_1_6' title='bbox 64 307 188 362; x_wconf 85' lang='lat' dir='ltr'><strong>pridie</strong></span> <span class='ocrx_word' id='word_1_7' title='bbox 202 306 403 347; x_wconf 77' lang='lat' dir='ltr'><strong>Kalendas</strong></span> <span class='ocrx_word' id='word_1_8' title='bbox 410 305 654 348; x_wconf 80' lang='lat' dir='ltr'><strong>Novembris.</strong></span> <span class='ocrx_word' id='word_1_9' title='bbox 678 305 889 361; x_wconf 77' lang='lat' dir='ltr'><strong>Lugduni,</strong></span> <span class='ocrx_word' id='word_1_10' title='bbox 912 308 1082 347; x_wconf 88' lang='lat' dir='ltr'><strong>Joannes</strong></span> <span class='ocrx_word' id='word_1_11' title='bbox 1101 307 1147 346; x_wconf 84' lang='lat' dir='ltr'><strong>de</strong></span> <span class='ocrx_word' id='word_1_12' title='bbox 1160 307 1353 356; x_wconf 72' lang='lat' dir='ltr'><strong>Jonvelle,</strong></span> <span class='ocrx_word' id='word_1_13' title='bbox 1378 307 1502 350; x_wconf 86' lang='lat' dir='ltr'><strong>dictus</strong></span> 
     </span>
     <span class='ocr_line' id='line_1_3' title="bbox 65 370 1455 428; baseline -0.001 -14"><span class='ocrx_word' id='word_1_14' title='bbox 65 372 228 420; x_wconf 58' lang='lat' dir='ltr'><strong>Phaon,</strong></span> <span class='ocrx_word' id='word_1_15' title='bbox 262 370 552 426; x_wconf 69' lang='lat' dir='ltr'><strong>imprimebat.»</strong></span> <span class='ocrx_word' id='word_1_16' title='bbox 579 371 712 411; x_wconf 84' lang='lat' dir='ltr'><strong>in-fol.</strong></span> <span class='ocrx_word' id='word_1_17' title='bbox 731 393 792 406; x_wconf 94' lang='grc'><strong>-.</strong></span> <span class='ocrx_word' id='word_1_18' title='bbox 809 372 970 419; x_wconf 83' lang='lat' dir='ltr'><strong>Panzer‚</strong></span> <span class='ocrx_word' id='word_1_19' title='bbox 998 379 1092 420; x_wconf 86' lang='lat' dir='ltr'><strong>tom.</strong></span> <span class='ocrx_word' id='word_1_20' title='bbox 1116 372 1201 411; x_wconf 89' lang='lat' dir='ltr'><strong>VII</strong></span> <span class='ocrx_word' id='word_1_21' title='bbox 1219 400 1230 421; x_wconf 88' lang='lat'>‚</span> <span class='ocrx_word' id='word_1_22' title='bbox 1253 386 1338 428; x_wconf 85' lang='lat' dir='ltr'><strong>pag.</strong></span> <span class='ocrx_word' id='word_1_23' title='bbox 1360 371 1455 412; x_wconf 84' lang='lat'><strong>316.</strong></span> 
     </span>
    </p>

    <p class='ocr_par' dir='ltr' id='par_1_3' title="bbox 63 428 1504 628">
     <span class='ocr_line' id='line_1_4' title="bbox 87 428 1504 487; baseline -0.001 -5.955"><span class='ocrx_word' id='word_1_24' title='bbox 87 428 181 481; x_wconf 77' lang='lat' dir='ltr'><strong>De</strong></span> <span class='ocrx_word' id='word_1_25' title='bbox 200 439 299 480; x_wconf 76' lang='lat' dir='ltr'><strong>Arte</strong></span> <span class='ocrx_word' id='word_1_26' title='bbox 321 437 488 479; x_wconf 84' lang='lat' dir='ltr'><strong>Amandi</strong></span> <span class='ocrx_word' id='word_1_27' title='bbox 510 446 550 478; x_wconf 85' lang='lat' dir='ltr'><strong>et</strong></span> <span class='ocrx_word' id='word_1_28' title='bbox 568 438 615 478; x_wconf 89' lang='lat' dir='ltr'><strong>de</strong></span> <span class='ocrx_word' id='word_1_29' title='bbox 642 438 831 479; x_wconf 84' lang='lat' dir='ltr'><strong>Remedio</strong></span> <span class='ocrx_word' id='word_1_30' title='bbox 857 438 1013 478; x_wconf 86' lang='lat' dir='ltr'><strong>Amoris</strong></span> <span class='ocrx_word' id='word_1_31' title='bbox 1032 466 1044 487; x_wconf 88' lang='lat'>‚</span> <span class='ocrx_word' id='word_1_32' title='bbox 1066 453 1153 478; x_wconf 90' lang='lat' dir='ltr'><strong>cum</strong></span> <span class='ocrx_word' id='word_1_33' title='bbox 1176 447 1382 478; x_wconf 88' lang='lat' dir='ltr'><strong>comment.</strong></span> <span class='ocrx_word' id='word_1_34' title='bbox 1404 440 1504 479; x_wconf 88' lang='lat' dir='ltr'><strong>Bar-</strong></span> 
     </span>
     <span class='ocr_line' id='line_1_5' title="bbox 63 502 1504 556; baseline 0 -11"><span class='ocrx_word' id='word_1_35' title='bbox 63 502 228 551; x_wconf 76' lang='lat' dir='ltr'><strong>tholom.</strong></span> <span class='ocrx_word' id='word_1_36' title='bbox 263 502 436 545; x_wconf 82' lang='lat' dir='ltr'><strong>Merulae.</strong></span> <span class='ocrx_word' id='word_1_37' title='bbox 460 505 508 543; x_wconf 89' lang='lat' dir='ltr'><strong>In</strong></span> <span class='ocrx_word' id='word_1_38' title='bbox 545 504 620 544; x_wconf 88' lang='lat' dir='ltr'><strong>fine</strong></span> <span class='ocrx_word' id='word_1_39' title='bbox 657 519 666 542; x_wconf 73' lang='grc' dir='ltr'><strong>ι</strong></span> <span class='ocrx_word' id='word_1_40' title='bbox 696 522 715 539; x_wconf 85' lang='grc' dir='ltr'>α</span> <span class='ocrx_word' id='word_1_41' title='bbox 739 506 917 556; x_wconf 88' lang='lat' dir='ltr'><strong>Impress.</strong></span> <span class='ocrx_word' id='word_1_42' title='bbox 951 503 1122 543; x_wconf 82' lang='lat' dir='ltr'><strong>venetiis</strong></span> <span class='ocrx_word' id='word_1_43' title='bbox 1142 532 1154 552; x_wconf 90' lang='grc'><strong>.,</strong></span> <span class='ocrx_word' id='word_1_44' title='bbox 1182 504 1377 544; x_wconf 88' lang='lat' dir='ltr'>MDXVI</span> <span class='ocrx_word' id='word_1_45' title='bbox 1395 533 1407 554; x_wconf 86' lang='lat'><strong>‚</strong></span> <span class='ocrx_word' id='word_1_46' title='bbox 1443 505 1504 545; x_wconf 89' lang='lat' dir='ltr'><strong>die</strong></span> 
     </span>
     <span class='ocr_line' id='line_1_6' title="bbox 64 559 1475 628; baseline -0.002 -15"><span class='ocrx_word' id='word_1_47' title='bbox 64 582 136 613; x_wconf 85' lang='lat'>1111</span> <span class='ocrx_word' id='word_1_48' title='bbox 154 559 338 628; x_wconf 64' lang='lat' dir='ltr'><strong>danuarii-</strong></span> <span class='ocrx_word' id='word_1_49' title='bbox 366 588 385 607; x_wconf 74' lang='grc' dir='ltr'><strong>ιο</strong></span> <span class='ocrx_word' id='word_1_50' title='bbox 408 570 538 626; x_wconf 56' lang='lat' dir='ltr'><strong>inefol.</strong></span> <span class='ocrx_word' id='word_1_51' title='bbox 562 586 648 611; x_wconf 92' lang='lat' dir='ltr'><strong>cum</strong></span> <span class='ocrx_word' id='word_1_52' title='bbox 670 572 735 626; x_wconf 82' lang='lat' dir='ltr'><strong>fig.</strong></span> <span class='ocrx_word' id='word_1_53' title='bbox 759 595 813 602; x_wconf 90' lang='lat'>-</span> <span class='ocrx_word' id='word_1_54' title='bbox 828 572 992 627; x_wconf 82' lang='lat' dir='ltr'><strong>Panzer·‚</strong></span> <span class='ocrx_word' id='word_1_55' title='bbox 1010 579 1106 610; x_wconf 87' lang='lat' dir='ltr'><strong>tom.</strong></span> <span class='ocrx_word' id='word_1_56' title='bbox 1122 572 1231 610; x_wconf 83' lang='lat' dir='ltr'>VIII</span> <span class='ocrx_word' id='word_1_57' title='bbox 1247 600 1260 621; x_wconf 85' lang='lat'>‚</span> <span class='ocrx_word' id='word_1_58' title='bbox 1281 585 1365 626; x_wconf 81' lang='lat' dir='ltr'><strong>pag.</strong></span> <span class='ocrx_word' id='word_1_59' title='bbox 1380 570 1475 626; x_wconf 72' lang='lat'><strong>437.</strong></span> 
     </span>
    </p>

    <p class='ocr_par' dir='ltr' id='par_1_4' title="bbox 55 638 1504 896">
     <span class='ocr_line' id='line_1_7' title="bbox 116 638 1504 693; baseline -0.001 -12"><span class='ocrx_word' id='word_1_60' title='bbox 116 638 476 691; x_wconf 71' lang='lat' dir='ltr'><strong>metamorphoseos</strong></span> <span class='ocrx_word' id='word_1_61' title='bbox 505 638 594 679; x_wconf 84' lang='lat' dir='ltr'><strong>libri</strong></span> <span class='ocrx_word' id='word_1_62' title='bbox 627 639 832 680; x_wconf 86' lang='lat' dir='ltr'><strong>moralizati</strong></span> <span class='ocrx_word' id='word_1_63' title='bbox 857 654 944 679; x_wconf 92' lang='lat' dir='ltr'><strong>cum</strong></span> <span class='ocrx_word' id='word_1_64' title='bbox 966 638 1231 693; x_wconf 81' lang='lat' dir='ltr'>pulcherrimis</span> <span class='ocrx_word' id='word_1_65' title='bbox 1254 638 1327 678; x_wconf 86' lang='lat' dir='ltr'><strong>sab.</strong></span> <span class='ocrx_word' id='word_1_66' title='bbox 1357 640 1504 691; x_wconf 78' lang='lat' dir='ltr'><strong>princi-</strong></span> 
     </span>
     <span class='ocr_line' id='line_1_8' title="bbox 61 706 1503 765; baseline -0.001 -17"><span class='ocrx_word' id='word_1_67' title='bbox 61 707 202 765; x_wconf 82' lang='lat' dir='ltr'><strong>palium</strong></span> <span class='ocrx_word' id='word_1_68' title='bbox 226 707 369 763; x_wconf 77' lang='lat' dir='ltr'><strong>figurIs·</strong></span> <span class='ocrx_word' id='word_1_69' title='bbox 401 709 447 746; x_wconf 91' lang='lat' dir='ltr'><strong>ln</strong></span> <span class='ocrx_word' id='word_1_70' title='bbox 468 706 544 747; x_wconf 87' lang='lat' dir='ltr'><strong>fine</strong></span> <span class='ocrx_word' id='word_1_71' title='bbox 570 723 580 747; x_wconf 75' lang='grc' dir='ltr'>ε</span> <span class='ocrx_word' id='word_1_72' title='bbox 607 724 627 743; x_wconf 79' lang='grc' dir='ltr'><strong>α</strong></span> <span class='ocrx_word' id='word_1_73' title='bbox 649 709 882 761; x_wconf 89' lang='lat' dir='ltr'><strong>lmpressum</strong></span> <span class='ocrx_word' id='word_1_74' title='bbox 904 706 978 746; x_wconf 84' lang='lat' dir='ltr'><strong>fuit</strong></span> <span class='ocrx_word' id='word_1_75' title='bbox 997 707 1073 746; x_wconf 93' lang='lat' dir='ltr'><strong>hoc</strong></span> <span class='ocrx_word' id='word_1_76' title='bbox 1096 722 1193 758; x_wconf 90' lang='lat' dir='ltr'><strong>opus</strong></span> <span class='ocrx_word' id='word_1_77' title='bbox 1216 707 1398 762; x_wconf 78' lang='lat' dir='ltr'><strong>Lugduni</strong></span> <span class='ocrx_word' id='word_1_78' title='bbox 1424 708 1503 747; x_wconf 91' lang='lat' dir='ltr'><strong>im—</strong></span> 
     </span>
     <span class='ocr_line' id='line_1_9' title="bbox 55 771 1500 828; baseline 0 -13"><span class='ocrx_word' id='word_1_79' title='bbox 55 773 184 825; x_wconf 82' lang='lat' dir='ltr'>pensis</span> <span class='ocrx_word' id='word_1_80' title='bbox 205 773 361 814; x_wconf 78' lang='lat' dir='ltr'><strong>honesti</strong></span> <span class='ocrx_word' id='word_1_81' title='bbox 379 773 451 815; x_wconf 76' lang='lat' dir='ltr'><strong>viri</strong></span> <span class='ocrx_word' id='word_1_82' title='bbox 470 772 606 814; x_wconf 84' lang='lat' dir='ltr'><strong>Jacobi</strong></span> <span class='ocrx_word' id='word_1_83' title='bbox 634 774 842 828; x_wconf 83' lang='lat' dir='ltr'><strong>Huguetan</strong></span> <span class='ocrx_word' id='word_1_84' title='bbox 866 772 907 812; x_wconf 91' lang='lat' dir='ltr'><strong>in</strong></span> <span class='ocrx_word' id='word_1_85' title='bbox 937 771 1083 813; x_wconf 84' lang='lat' dir='ltr'><strong>aedibus</strong></span> <span class='ocrx_word' id='word_1_86' title='bbox 1104 772 1240 814; x_wconf 88' lang='lat' dir='ltr'><strong>Jacobi</strong></span> <span class='ocrx_word' id='word_1_87' title='bbox 1268 775 1364 828; x_wconf 81' lang='lat' dir='ltr'><strong>Myt.</strong></span> <span class='ocrx_word' id='word_1_88' title='bbox 1397 788 1500 815; x_wconf 87' lang='lat' dir='ltr'><strong>anno</strong></span> 
     </span>
     <span class='ocr_line' id='line_1_10' title="bbox 61 840 1503 896; baseline -0.001 -14"><span class='ocrx_word' id='word_1_89' title='bbox 61 841 180 887; x_wconf 82' lang='lat' dir='ltr'><strong>Dom.</strong></span> <span class='ocrx_word' id='word_1_90' title='bbox 195 840 400 882; x_wconf 88' lang='lat' dir='ltr'><strong>millesimo</strong></span> <span class='ocrx_word' id='word_1_91' title='bbox 416 841 726 896; x_wconf 83' lang='lat' dir='ltr'><strong>quingentesimo</strong></span> <span class='ocrx_word' id='word_1_92' title='bbox 748 840 896 880; x_wconf 91' lang='lat' dir='ltr'><strong>decimo</strong></span> <span class='ocrx_word' id='word_1_93' title='bbox 913 847 1022 879; x_wconf 82' lang='lat' dir='ltr'><strong>sexto</strong></span> <span class='ocrx_word' id='word_1_94' title='bbox 1037 869 1049 890; x_wconf 83' lang='lat'><strong>‚</strong></span> <span class='ocrx_word' id='word_1_95' title='bbox 1069 840 1379 895; x_wconf 83' lang='lat' dir='ltr'><strong>duodevigesimo</strong></span> <span class='ocrx_word' id='word_1_96' title='bbox 1396 841 1503 882; x_wconf 90' lang='lat' dir='ltr'><strong>Junii</strong></span> 
     </span>
    </p>

    <p class='ocr_par' dir='ltr' id='par_1_5' title="bbox 61 907 1255 962">
     <span class='ocr_line' id='line_1_11' title="bbox 61 907 1255 962; baseline -0.002 -13"><span class='ocrx_word' id='word_1_97' title='bbox 61 909 205 950; x_wconf 84' lang='lat' dir='ltr'>mensis</span> <span class='ocrx_word' id='word_1_98' title='bbox 229 908 302 950; x_wconf 86' lang='lat' dir='ltr'><strong>die.</strong></span> <span class='ocrx_word' id='word_1_99' title='bbox 330 927 350 944; x_wconf 72' lang='grc' dir='ltr'><strong>»ι</strong></span> <span class='ocrx_word' id='word_1_100' title='bbox 374 907 512 949; x_wconf 85' lang='lat' dir='ltr'><strong>in-fol.</strong></span> <span class='ocrx_word' id='word_1_101' title='bbox 526 931 581 939; x_wconf 94' lang='lat'>—</span> <span class='ocrx_word' id='word_1_102' title='bbox 600 909 743 948; x_wconf 85' lang='lat' dir='ltr'><strong>Panzer</strong></span> <span class='ocrx_word' id='word_1_103' title='bbox 761 937 773 957; x_wconf 88' lang='lat'><em>‚</em></span> <span class='ocrx_word' id='word_1_104' title='bbox 795 916 891 948; x_wconf 88' lang='lat' dir='ltr'><strong>tom.</strong></span> <span class='ocrx_word' id='word_1_105' title='bbox 911 908 996 948; x_wconf 90' lang='lat' dir='ltr'><strong>VII</strong></span> <span class='ocrx_word' id='word_1_106' title='bbox 1017 936 1028 956; x_wconf 90' lang='lat'>‚</span> <span class='ocrx_word' id='word_1_107' title='bbox 1054 922 1138 962; x_wconf 84' lang='lat' dir='ltr'><strong>pag.</strong></span> <span class='ocrx_word' id='word_1_108' title='bbox 1162 907 1255 957; x_wconf 72' lang='lat'><strong>314.</strong></span> 
     </span>
    </p>

    <p class='ocr_par' dir='ltr' id='par_1_6' title="bbox 20 973 1504 1232">
     <span class='ocr_line' id='line_1_12' title="bbox 20 973 1503 1032; baseline 0.001 -16"><span class='ocrx_word' id='word_1_109' title='bbox 20 975 22 977; x_wconf 61' lang='grc'><strong><em>’</em></strong></span> <span class='ocrx_word' id='word_1_110' title='bbox 117 976 233 1032; x_wconf 83' lang='lat' dir='ltr'><strong>Sylva</strong></span> <span class='ocrx_word' id='word_1_111' title='bbox 266 977 549 1017; x_wconf 83' lang='lat' dir='ltr'><strong>Sententiarum</strong></span> <span class='ocrx_word' id='word_1_112' title='bbox 572 990 617 1016; x_wconf 87' lang='lat' dir='ltr'><strong>ex</strong></span> <span class='ocrx_word' id='word_1_113' title='bbox 643 975 787 1017; x_wconf 85' lang='lat' dir='ltr'><strong>Ovidio</strong></span> <span class='ocrx_word' id='word_1_114' title='bbox 821 990 830 1014; x_wconf 70' lang='grc' dir='ltr'>ε</span> <span class='ocrx_word' id='word_1_115' title='bbox 867 989 948 1015; x_wconf 91' lang='lat' dir='ltr'><strong>non</strong></span> <span class='ocrx_word' id='word_1_116' title='bbox 971 974 1160 1015; x_wconf 89' lang='lat' dir='ltr'><strong>librorum</strong></span> <span class='ocrx_word' id='word_1_117' title='bbox 1178 1004 1190 1024; x_wconf 90' lang='lat'>‚</span> <span class='ocrx_word' id='word_1_118' title='bbox 1218 975 1284 1015; x_wconf 90' lang='lat' dir='ltr'><strong>sed</strong></span> <span class='ocrx_word' id='word_1_119' title='bbox 1310 973 1439 1016; x_wconf 76' lang='lat' dir='ltr'><strong>rerum</strong></span> <span class='ocrx_word' id='word_1_120' title='bbox 1460 991 1503 1018; x_wconf 91' lang='lat' dir='ltr'><strong>ac</strong></span> 
     </span>
     <span class='ocr_line' id='line_1_13' title="bbox 60 1040 1504 1095; baseline -0.001 -13"><span class='ocrx_word' id='word_1_121' title='bbox 60 1041 264 1083; x_wconf 83' lang='lat' dir='ltr'><strong>titulorum</strong></span> <span class='ocrx_word' id='word_1_122' title='bbox 284 1042 419 1082; x_wconf 81' lang='lat' dir='ltr'><strong>ordine</strong></span> <span class='ocrx_word' id='word_1_123' title='bbox 434 1050 581 1083; x_wconf 89' lang='lat' dir='ltr'><strong>servato</strong></span> <span class='ocrx_word' id='word_1_124' title='bbox 593 1071 605 1091; x_wconf 86' lang='lat'>‚</span> <span class='ocrx_word' id='word_1_125' title='bbox 628 1041 870 1081; x_wconf 85' lang='lat' dir='ltr'><strong>delectarum.</strong></span> <span class='ocrx_word' id='word_1_126' title='bbox 893 1042 938 1080; x_wconf 89' lang='lat' dir='ltr'><strong>In</strong></span> <span class='ocrx_word' id='word_1_127' title='bbox 954 1040 1029 1080; x_wconf 89' lang='lat' dir='ltr'><strong>fine</strong></span> <span class='ocrx_word' id='word_1_128' title='bbox 1052 1055 1060 1078; x_wconf 91' lang='lat'>:</span> <span class='ocrx_word' id='word_1_129' title='bbox 1084 1057 1104 1076; x_wconf 77' lang='grc' dir='ltr'><strong>ιι</strong></span> <span class='ocrx_word' id='word_1_130' title='bbox 1122 1043 1352 1094; x_wconf 79' lang='lat' dir='ltr'><strong>impressum</strong></span> <span class='ocrx_word' id='word_1_131' title='bbox 1367 1041 1504 1095; x_wconf 79' lang='lat' dir='ltr'><strong>Liptzk</strong></span> 
     </span>
     <span class='ocr_line' id='line_1_14' title="bbox 58 1106 1502 1159; baseline -0.002 -11"><span class='ocrx_word' id='word_1_132' title='bbox 58 1122 128 1159; x_wconf 85' lang='lat' dir='ltr'><strong>per</strong></span> <span class='ocrx_word' id='word_1_133' title='bbox 147 1107 390 1149; x_wconf 81' lang='lat' dir='ltr'><strong>Valentinum</strong></span> <span class='ocrx_word' id='word_1_134' title='bbox 413 1109 637 1148; x_wconf 82' lang='lat' dir='ltr'><strong>Schumann</strong></span> <span class='ocrx_word' id='word_1_135' title='bbox 655 1138 668 1157; x_wconf 91' lang='lat'>‚</span> <span class='ocrx_word' id='word_1_136' title='bbox 705 1122 806 1147; x_wconf 88' lang='lat' dir='ltr'><strong>anno</strong></span> <span class='ocrx_word' id='word_1_137' title='bbox 822 1107 1029 1150; x_wconf 82' lang='lat' dir='ltr'><strong>Salvatoris</strong></span> <span class='ocrx_word' id='word_1_138' title='bbox 1052 1107 1178 1148; x_wconf 82' lang='lat' dir='ltr'><strong>nostri</strong></span> <span class='ocrx_word' id='word_1_139' title='bbox 1202 1106 1318 1148; x_wconf 87' lang='lat'><strong>1516.</strong></span> <span class='ocrx_word' id='word_1_140' title='bbox 1344 1126 1363 1142; x_wconf 75' lang='grc' dir='ltr'><strong>υ</strong></span> <span class='ocrx_word' id='word_1_141' title='bbox 1385 1106 1502 1156; x_wconf 68' lang='lat' dir='ltr'><strong>in-40.</strong></span> 
     </span>
     <span class='ocr_line' id='line_1_15' title="bbox 60 1174 779 1232; baseline -0.003 -16"><span class='ocrx_word' id='word_1_142' title='bbox 60 1176 294 1227; x_wconf 78' lang='lat' dir='ltr'><strong>—Panzer‚</strong></span> <span class='ocrx_word' id='word_1_143' title='bbox 319 1184 416 1217; x_wconf 89' lang='lat' dir='ltr'><strong>tom.</strong></span> <span class='ocrx_word' id='word_1_144' title='bbox 445 1177 556 1226; x_wconf 88' lang='lat' dir='ltr'>VII,</span> <span class='ocrx_word' id='word_1_145' title='bbox 579 1191 666 1231; x_wconf 83' lang='lat' dir='ltr'><strong>pag.</strong></span> <span class='ocrx_word' id='word_1_146' title='bbox 692 1174 779 1232; x_wconf 87' lang='lat'><strong>195.</strong></span> 
     </span>
    </p>

    <p class='ocr_par' dir='ltr' id='par_1_7' title="bbox 723 1254 839 1307">
     <span class='ocr_line' id='line_1_16' title="bbox 723 1254 839 1307; baseline 0.017 -14"><span class='ocrx_word' id='word_1_147' title='bbox 723 1254 839 1307; x_wconf 84' lang='lat'><strong>1517.</strong></span> 
     </span>
    </p>

    <p class='ocr_par' dir='ltr' id='par_1_8' title="bbox 57 1326 1503 1522">
     <span class='ocr_line' id='line_1_17' title="bbox 113 1326 1503 1385; baseline 0.002 -14"><span class='ocrx_word' id='word_1_148' title='bbox 113 1326 231 1371; x_wconf 54' lang='lat' dir='ltr'><strong>Liber</strong></span> <span class='ocrx_word' id='word_1_149' title='bbox 251 1330 469 1371; x_wconf 74' lang='lat' dir='ltr'><strong>nereidum</strong></span> <span class='ocrx_word' id='word_1_150' title='bbox 489 1331 753 1385; x_wconf 79' lang='lat' dir='ltr'><strong>Epistularum</strong></span> <span class='ocrx_word' id='word_1_151' title='bbox 769 1348 778 1381; x_wconf 78' lang='lat'>3</span> <span class='ocrx_word' id='word_1_152' title='bbox 796 1332 891 1372; x_wconf 85' lang='lat' dir='ltr'><strong>liber</strong></span> <span class='ocrx_word' id='word_1_153' title='bbox 911 1334 1108 1384; x_wconf 89' lang='lat' dir='ltr'><strong>Sapphus;</strong></span> <span class='ocrx_word' id='word_1_154' title='bbox 1128 1332 1223 1372; x_wconf 89' lang='lat' dir='ltr'><strong>liber</strong></span> <span class='ocrx_word' id='word_1_155' title='bbox 1236 1333 1278 1372; x_wconf 89' lang='lat' dir='ltr'><strong>in</strong></span> <span class='ocrx_word' id='word_1_156' title='bbox 1295 1332 1379 1372; x_wconf 91' lang='lat' dir='ltr'><strong>lbin</strong></span> <span class='ocrx_word' id='word_1_157' title='bbox 1391 1362 1402 1382; x_wconf 80' lang='lat'><strong>‚</strong></span> <span class='ocrx_word' id='word_1_158' title='bbox 1418 1347 1503 1374; x_wconf 87' lang='lat' dir='ltr'><strong>cum</strong></span> 
     </span>
     <span class='ocr_line' id='line_1_18' title="bbox 59 1396 1503 1449; baseline 0.001 -13"><span class='ocrx_word' id='word_1_159' title='bbox 59 1396 495 1449; x_wconf 63' lang='lat' dir='ltr'><strong>expositionefimiliari</strong></span> <span class='ocrx_word' id='word_1_160' title='bbox 518 1398 614 1439; x_wconf 82' lang='lat' dir='ltr'><strong>Ant.</strong></span> <span class='ocrx_word' id='word_1_161' title='bbox 636 1398 794 1449; x_wconf 82' lang='lat' dir='ltr'><strong>Volsci,</strong></span> <span class='ocrx_word' id='word_1_162' title='bbox 815 1399 979 1439; x_wconf 89' lang='lat' dir='ltr'><strong>Domitii</strong></span> <span class='ocrx_word' id='word_1_163' title='bbox 999 1399 1193 1440; x_wconf 89' lang='lat' dir='ltr'><strong>Calderini</strong></span> <span class='ocrx_word' id='word_1_164' title='bbox 1214 1407 1253 1440; x_wconf 91' lang='lat' dir='ltr'><strong>et</strong></span> <span class='ocrx_word' id='word_1_165' title='bbox 1275 1400 1366 1439; x_wconf 86' lang='lat' dir='ltr'><strong>Jod.</strong></span> <span class='ocrx_word' id='word_1_166' title='bbox 1382 1400 1503 1440; x_wconf 86' lang='lat' dir='ltr'><strong>Badii.</strong></span> 
     </span>
     <span class='ocr_line' id='line_1_19' title="bbox 57 1461 1335 1522; baseline 0.001 -19"><span class='ocrx_word' id='word_1_167' title='bbox 57 1463 284 1513; x_wconf 67' lang='lat' dir='ltr'><strong>Mediolani.</strong></span> <span class='ocrx_word' id='word_1_168' title='bbox 298 1463 425 1504; x_wconf 80' lang='lat' dir='ltr'><strong>in-fol.</strong></span> <span class='ocrx_word' id='word_1_169' title='bbox 449 1461 538 1505; x_wconf 81' lang='lat' dir='ltr'><strong>cuin</strong></span> <span class='ocrx_word' id='word_1_170' title='bbox 553 1464 619 1520; x_wconf 84' lang='lat' dir='ltr'><strong>fig.</strong></span> <span class='ocrx_word' id='word_1_171' title='bbox 635 1487 690 1495; x_wconf 89' lang='lat'><strong>—</strong></span> <span class='ocrx_word' id='word_1_172' title='bbox 706 1465 850 1506; x_wconf 83' lang='lat' dir='ltr'><strong>Panzer</strong></span> <span class='ocrx_word' id='word_1_173' title='bbox 861 1495 874 1515; x_wconf 80' lang='lat'>‚</span> <span class='ocrx_word' id='word_1_174' title='bbox 895 1474 993 1506; x_wconf 86' lang='lat' dir='ltr'><strong>tom.</strong></span> <span class='ocrx_word' id='word_1_175' title='bbox 1017 1467 1122 1516; x_wconf 84' lang='lat' dir='ltr'>VII,</span> <span class='ocrx_word' id='word_1_176' title='bbox 1140 1481 1226 1521; x_wconf 83' lang='lat' dir='ltr'><strong>pag.</strong></span> <span class='ocrx_word' id='word_1_177' title='bbox 1243 1465 1335 1522; x_wconf 85' lang='lat'><strong>396.</strong></span> 
     </span>
    </p>

    <p class='ocr_par' dir='ltr' id='par_1_9' title="bbox 58 1529 1507 1716">
     <span class='ocr_line' id='line_1_20' title="bbox 97 1529 1507 1588; baseline 0.001 -20"><span class='ocrx_word' id='word_1_178' title='bbox 97 1529 306 1581; x_wconf 74' lang='lat' dir='ltr'><strong>²Epistolae</strong></span> <span class='ocrx_word' id='word_1_179' title='bbox 327 1531 520 1572; x_wconf 83' lang='lat' dir='ltr'><strong>Heroides</strong></span> <span class='ocrx_word' id='word_1_180' title='bbox 542 1546 629 1571; x_wconf 91' lang='lat' dir='ltr'><strong>cum</strong></span> <span class='ocrx_word' id='word_1_181' title='bbox 645 1541 852 1573; x_wconf 84' lang='lat' dir='ltr'><strong>comment.</strong></span> <span class='ocrx_word' id='word_1_182' title='bbox 893 1533 1081 1582; x_wconf 83' lang='lat' dir='ltr'><strong>Taurini,</strong></span> <span class='ocrx_word' id='word_1_183' title='bbox 1111 1549 1182 1588; x_wconf 88' lang='lat' dir='ltr'><strong>per</strong></span> <span class='ocrx_word' id='word_1_184' title='bbox 1197 1533 1287 1574; x_wconf 78' lang='lat' dir='ltr'><strong>Joh.</strong></span> <span class='ocrx_word' id='word_1_185' title='bbox 1311 1533 1448 1584; x_wconf 80' lang='lat' dir='ltr'><strong>Angel.</strong></span> <span class='ocrx_word' id='word_1_186' title='bbox 1469 1539 1507 1571; x_wconf 78' lang='lat' dir='ltr'><strong>et</strong></span> 
     </span>
     <span class='ocr_line' id='line_1_21' title="bbox 59 1593 1498 1654; baseline 0.003 -20"><span class='ocrx_word' id='word_1_187' title='bbox 59 1594 248 1635; x_wconf 72' lang='lat' dir='ltr'><strong>Ber-nani.</strong></span> <span class='ocrx_word' id='word_1_188' title='bbox 258 1593 407 1646; x_wconf 65' lang='lat' dir='ltr'><strong>finires</strong></span> <span class='ocrx_word' id='word_1_189' title='bbox 430 1597 476 1635; x_wconf 77' lang='lat' dir='ltr'><strong>de</strong></span> <span class='ocrx_word' id='word_1_190' title='bbox 490 1597 616 1649; x_wconf 74' lang='lat' dir='ltr'><strong>Sylva.</strong></span> <span class='ocrx_word' id='word_1_191' title='bbox 637 1597 763 1639; x_wconf 85' lang='lat' dir='ltr'><strong>in-fol.</strong></span> <span class='ocrx_word' id='word_1_192' title='bbox 785 1622 839 1629; x_wconf 88' lang='lat'><strong>-—</strong></span> <span class='ocrx_word' id='word_1_193' title='bbox 861 1598 961 1639; x_wconf 90' lang='lat' dir='ltr'><strong>Bibl.</strong></span> <span class='ocrx_word' id='word_1_194' title='bbox 986 1600 1144 1639; x_wconf 86' lang='lat' dir='ltr'><strong>Panzeri</strong></span> <span class='ocrx_word' id='word_1_195' title='bbox 1160 1629 1172 1649; x_wconf 86' lang='lat'>‚</span> <span class='ocrx_word' id='word_1_196' title='bbox 1196 1600 1242 1639; x_wconf 91' lang='lat' dir='ltr'><strong>P.</strong></span> <span class='ocrx_word' id='word_1_197' title='bbox 1264 1600 1308 1649; x_wconf 87' lang='grc' dir='ltr'><strong>Ι,</strong></span> <span class='ocrx_word' id='word_1_198' title='bbox 1334 1613 1406 1654; x_wconf 84' lang='lat' dir='ltr'><strong>pag</strong></span> <span class='ocrx_word' id='word_1_199' title='bbox 1427 1597 1498 1648; x_wconf 75' lang='lat'><strong>60⁷</strong></span> 
     </span>
     <span class='ocr_line' id='line_1_22' title="bbox 58 1659 338 1716; baseline 0 -16"><span class='ocrx_word' id='word_1_200' title='bbox 58 1675 97 1700; x_wconf 86' lang='lat' dir='ltr'><strong>n.</strong></span> <span class='ocrx_word' id='word_1_201' title='bbox 120 1659 215 1716; x_wconf 69' lang='lat'><strong>457.</strong></span> <span class='ocrx_word' id='word_1_202' title='bbox 299 1701 338 1708; x_wconf 49' lang='lat'><strong>,-</strong></span> 
     </span>
    </p>

    <p class='ocr_par' dir='ltr' id='par_1_10' title="bbox 57 1726 1503 2051">
     <span class='ocr_line' id='line_1_23' title="bbox 112 1726 1502 1782; baseline 0.002 -15"><span class='ocrx_word' id='word_1_203' title='bbox 112 1729 174 1768; x_wconf 88' lang='lat' dir='ltr'><strong>De</strong></span> <span class='ocrx_word' id='word_1_204' title='bbox 203 1727 303 1768; x_wconf 79' lang='lat' dir='ltr'><strong>Arte</strong></span> <span class='ocrx_word' id='word_1_205' title='bbox 325 1726 494 1768; x_wconf 87' lang='lat' dir='ltr'><strong>Amandi</strong></span> <span class='ocrx_word' id='word_1_206' title='bbox 524 1736 564 1768; x_wconf 86' lang='lat' dir='ltr'><strong>et</strong></span> <span class='ocrx_word' id='word_1_207' title='bbox 583 1729 773 1769; x_wconf 86' lang='lat' dir='ltr'><strong>Remedio</strong></span> <span class='ocrx_word' id='word_1_208' title='bbox 813 1731 972 1771; x_wconf 90' lang='lat' dir='ltr'><strong>Amoris</strong></span> <span class='ocrx_word' id='word_1_209' title='bbox 990 1763 1001 1782; x_wconf 87' lang='lat'>,</span> <span class='ocrx_word' id='word_1_210' title='bbox 1025 1748 1111 1772; x_wconf 88' lang='lat' dir='ltr'><strong>cum</strong></span> <span class='ocrx_word' id='word_1_211' title='bbox 1139 1739 1347 1772; x_wconf 87' lang='lat' dir='ltr'><strong>comment.</strong></span> <span class='ocrx_word' id='word_1_212' title='bbox 1371 1733 1502 1772; x_wconf 85' lang='lat' dir='ltr'><strong>Barth.</strong></span> 
     </span>
     <span class='ocr_line' id='line_1_24' title="bbox 58 1792 1503 1850; baseline 0.003 -18"><span class='ocrx_word' id='word_1_213' title='bbox 58 1792 233 1834; x_wconf 75' lang='lat' dir='ltr'><strong>Merulae.</strong></span> <span class='ocrx_word' id='word_1_214' title='bbox 255 1795 303 1834; x_wconf 91' lang='lat' dir='ltr'><strong>In</strong></span> <span class='ocrx_word' id='word_1_215' title='bbox 324 1793 399 1834; x_wconf 91' lang='lat' dir='ltr'><strong>fine</strong></span> <span class='ocrx_word' id='word_1_216' title='bbox 423 1809 432 1833; x_wconf 74' lang='grc' dir='ltr'><strong><em>ε</em></strong></span> <span class='ocrx_word' id='word_1_217' title='bbox 455 1812 475 1829; x_wconf 86' lang='lat'><em>«</em></span> <span class='ocrx_word' id='word_1_218' title='bbox 505 1794 687 1850; x_wconf 83' lang='lat' dir='ltr'><strong>Lugduni</strong></span> <span class='ocrx_word' id='word_1_219' title='bbox 706 1826 716 1844; x_wconf 88' lang='lat'><strong>,</strong></span> <span class='ocrx_word' id='word_1_220' title='bbox 747 1797 1014 1836; x_wconf 85' lang='lat' dir='ltr'><strong>venundantur</strong></span> <span class='ocrx_word' id='word_1_221' title='bbox 1041 1811 1061 1836; x_wconf 86' lang='lat' dir='ltr'><strong>a</strong></span> <span class='ocrx_word' id='word_1_222' title='bbox 1080 1796 1341 1837; x_wconf 85' lang='lat' dir='ltr'><strong>Constantino</strong></span> <span class='ocrx_word' id='word_1_223' title='bbox 1363 1798 1503 1836; x_wconf 86' lang='lat' dir='ltr'><strong>Fradin</strong></span> 
     </span>
     <span class='ocr_line' id='line_1_25' title="bbox 57 1859 1501 1913; baseline 0.002 -14"><span class='ocrx_word' id='word_1_224' title='bbox 57 1859 99 1899; x_wconf 90' lang='lat' dir='ltr'><strong>in</strong></span> <span class='ocrx_word' id='word_1_225' title='bbox 128 1859 216 1902; x_wconf 81' lang='lat' dir='ltr'><strong>vico</strong></span> <span class='ocrx_word' id='word_1_226' title='bbox 251 1860 472 1910; x_wconf 71' lang='lat' dir='ltr'><strong>Mercuriali</strong></span> <span class='ocrx_word' id='word_1_227' title='bbox 509 1876 517 1899; x_wconf 75' lang='grc' dir='ltr'>ε</span> <span class='ocrx_word' id='word_1_228' title='bbox 554 1861 747 1913; x_wconf 89' lang='lat' dir='ltr'><strong>impressit</strong></span> <span class='ocrx_word' id='word_1_229' title='bbox 778 1863 837 1902; x_wconf 88' lang='lat' dir='ltr'><strong>vir</strong></span> <span class='ocrx_word' id='word_1_230' title='bbox 864 1864 985 1904; x_wconf 86' lang='lat' dir='ltr'><strong>solers</strong></span> <span class='ocrx_word' id='word_1_231' title='bbox 1024 1872 1063 1903; x_wconf 89' lang='lat' dir='ltr'><strong>et</strong></span> <span class='ocrx_word' id='word_1_232' title='bbox 1099 1862 1308 1902; x_wconf 84' lang='lat' dir='ltr'><strong>industrius</strong></span> <span class='ocrx_word' id='word_1_233' title='bbox 1336 1862 1501 1903; x_wconf 85' lang='lat' dir='ltr'><strong>Jacobus</strong></span> 
     </span>
     <span class='ocr_line' id='line_1_26' title="bbox 57 1926 1500 1981; baseline 0.002 -16"><span class='ocrx_word' id='word_1_234' title='bbox 57 1926 155 1981; x_wconf 78' lang='lat' dir='ltr'><strong>Myt.</strong></span> <span class='ocrx_word' id='word_1_235' title='bbox 177 1940 278 1966; x_wconf 85' lang='lat' dir='ltr'><strong>anno</strong></span> <span class='ocrx_word' id='word_1_236' title='bbox 299 1926 514 1967; x_wconf 85' lang='lat' dir='ltr'><strong>MCCCCC</strong></span> <span class='ocrx_word' id='word_1_237' title='bbox 539 1936 578 1967; x_wconf 92' lang='lat' dir='ltr'><strong>et</strong></span> <span class='ocrx_word' id='word_1_238' title='bbox 601 1928 727 1968; x_wconf 86' lang='lat' dir='ltr'>XVII</span> <span class='ocrx_word' id='word_1_239' title='bbox 743 1958 755 1978; x_wconf 87' lang='lat'><strong>‚</strong></span> <span class='ocrx_word' id='word_1_240' title='bbox 778 1929 1088 1970; x_wconf 87' lang='lat' dir='ltr'><strong>duodevicesimo</strong></span> <span class='ocrx_word' id='word_1_241' title='bbox 1105 1929 1215 1968; x_wconf 88' lang='lat' dir='ltr'><strong>Junii</strong></span> <span class='ocrx_word' id='word_1_242' title='bbox 1233 1929 1304 1968; x_wconf 92' lang='lat' dir='ltr'><strong>die.</strong></span> <span class='ocrx_word' id='word_1_243' title='bbox 1320 1946 1340 1964; x_wconf 77' lang='lat' dir='ltr'><strong>n</strong></span> <span class='ocrx_word' id='word_1_244' title='bbox 1373 1929 1500 1979; x_wconf 73' lang='lat' dir='ltr'><strong>in-40.</strong></span> 
     </span>
     <span class='ocr_line' id='line_1_27' title="bbox 60 1992 959 2051; baseline 0.002 -19"><span class='ocrx_word' id='word_1_245' title='bbox 60 2013 117 2022; x_wconf 91' lang='lat'>-</span> <span class='ocrx_word' id='word_1_246' title='bbox 138 1992 305 2043; x_wconf 83' lang='lat' dir='ltr'><strong>Panzer‚</strong></span> <span class='ocrx_word' id='word_1_247' title='bbox 335 1993 476 2034; x_wconf 82' lang='lat' dir='ltr'><strong>Annal.</strong></span> <span class='ocrx_word' id='word_1_248' title='bbox 504 2003 601 2035; x_wconf 86' lang='lat' dir='ltr'><strong>tom.</strong></span> <span class='ocrx_word' id='word_1_249' title='bbox 625 1996 734 2044; x_wconf 89' lang='lat' dir='ltr'>VII,</span> <span class='ocrx_word' id='word_1_250' title='bbox 759 2010 844 2051; x_wconf 84' lang='lat' dir='ltr'><strong>pag.</strong></span> <span class='ocrx_word' id='word_1_251' title='bbox 867 1995 959 2035; x_wconf 84' lang='lat'><strong>318.</strong></span> 
     </span>
    </p>

    <p class='ocr_par' dir='ltr' id='par_1_11' title="bbox 61 2059 1504 2188">
     <span class='ocr_line' id='line_1_28' title="bbox 113 2059 1504 2119; baseline 0.004 -21"><span class='ocrx_word' id='word_1_252' title='bbox 113 2059 482 2112; x_wconf 87' lang='lat' dir='ltr'><strong>Metamorphoseon</strong></span> <span class='ocrx_word' id='word_1_253' title='bbox 511 2060 598 2102; x_wconf 87' lang='lat' dir='ltr'><strong>libri</strong></span> <span class='ocrx_word' id='word_1_254' title='bbox 638 2063 737 2113; x_wconf 84' lang='lat' dir='ltr'><strong>XV,</strong></span> <span class='ocrx_word' id='word_1_255' title='bbox 771 2079 857 2104; x_wconf 91' lang='lat' dir='ltr'><strong>cum</strong></span> <span class='ocrx_word' id='word_1_256' title='bbox 887 2065 1011 2119; x_wconf 86' lang='lat' dir='ltr'><strong>Raph.</strong></span> <span class='ocrx_word' id='word_1_257' title='bbox 1048 2064 1167 2119; x_wconf 75' lang='lat' dir='ltr'><strong>Regii</strong></span> <span class='ocrx_word' id='word_1_258' title='bbox 1191 2062 1504 2103; x_wconf 84' lang='lat' dir='ltr'><strong>enarrationibus.</strong></span> 
     </span>
     <span class='ocr_line' id='line_1_29' title="bbox 61 2128 1476 2188; baseline 0.001 -21"><span class='ocrx_word' id='word_1_259' title='bbox 61 2128 244 2182; x_wconf 78' lang='lat' dir='ltr'><strong>Impress.</strong></span> <span class='ocrx_word' id='word_1_260' title='bbox 265 2129 345 2168; x_wconf 78' lang='lat' dir='ltr'><strong>Mli</strong></span> <span class='ocrx_word' id='word_1_261' title='bbox 366 2129 640 2182; x_wconf 87' lang='lat' dir='ltr'><strong>(Mediolani.)</strong></span> <span class='ocrx_word' id='word_1_262' title='bbox 668 2131 796 2171; x_wconf 84' lang='lat' dir='ltr'><strong>in-fol.</strong></span> <span class='ocrx_word' id='word_1_263' title='bbox 817 2155 872 2162; x_wconf 95' lang='lat'>—</span> <span class='ocrx_word' id='word_1_264' title='bbox 888 2132 1052 2181; x_wconf 84' lang='lat' dir='ltr'><strong>Panzer,</strong></span> <span class='ocrx_word' id='word_1_265' title='bbox 1078 2140 1174 2172; x_wconf 89' lang='lat' dir='ltr'><strong>tom.</strong></span> <span class='ocrx_word' id='word_1_266' title='bbox 1196 2133 1303 2181; x_wconf 75' lang='lat' dir='ltr'><strong>VII,</strong></span> <span class='ocrx_word' id='word_1_267' title='bbox 1329 2147 1367 2182; x_wconf 91' lang='lat' dir='ltr'><strong>p.</strong></span> <span class='ocrx_word' id='word_1_268' title='bbox 1383 2129 1476 2188; x_wconf 81' lang='lat'><strong>396.</strong></span> 
     </span>
    </p>

    <p class='ocr_par' dir='ltr' id='par_1_12' title="bbox 18 2194 1506 2654">
     <span class='ocr_line' id='line_1_30' title="bbox 114 2194 1503 2252; baseline 0.002 -19"><span class='ocrx_word' id='word_1_269' title='bbox 114 2194 438 2248; x_wconf 79' lang='lat' dir='ltr'><strong>Metamorphosis</strong></span> <span class='ocrx_word' id='word_1_270' title='bbox 459 2210 546 2235; x_wconf 87' lang='lat' dir='ltr'><strong>cum</strong></span> <span class='ocrx_word' id='word_1_271' title='bbox 565 2195 767 2236; x_wconf 88' lang='lat' dir='ltr'><strong>luculentis</strong></span> <span class='ocrx_word' id='word_1_272' title='bbox 788 2198 912 2252; x_wconf 83' lang='lat' dir='ltr'><strong>Raph.</strong></span> <span class='ocrx_word' id='word_1_273' title='bbox 936 2198 1051 2251; x_wconf 76' lang='lat' dir='ltr'><strong>Regii</strong></span> <span class='ocrx_word' id='word_1_274' title='bbox 1068 2197 1369 2238; x_wconf 84' lang='lat' dir='ltr'><strong>enarrationibus</strong></span> <span class='ocrx_word' id='word_1_275' title='bbox 1381 2226 1393 2247; x_wconf 86' lang='lat'>,</span> <span class='ocrx_word' id='word_1_276' title='bbox 1411 2198 1503 2251; x_wconf 90' lang='lat' dir='ltr'><strong>qui-</strong></span> 
     </span>
     <span class='ocr_line' id='line_1_31' title="bbox 18 2251 1506 2321; baseline 0.003 -21"><span class='ocrx_word' id='word_1_277' title='bbox 18 2251 20 2253; x_wconf 22' lang='lat'>*</span> <span class='ocrx_word' id='word_1_278' title='bbox 61 2258 132 2300; x_wconf 85' lang='lat' dir='ltr'><strong>bus</strong></span> <span class='ocrx_word' id='word_1_279' title='bbox 156 2273 246 2321; x_wconf 79' lang='lat' dir='ltr'><strong>cum</strong></span> <span class='ocrx_word' id='word_1_280' title='bbox 266 2259 336 2301; x_wconf 84' lang='lat' dir='ltr'><strong>alia</strong></span> <span class='ocrx_word' id='word_1_281' title='bbox 360 2261 533 2315; x_wconf 88' lang='lat' dir='ltr'><strong>quaedam</strong></span> <span class='ocrx_word' id='word_1_282' title='bbox 556 2262 743 2314; x_wconf 85' lang='lat' dir='ltr'><strong>adscripta</strong></span> <span class='ocrx_word' id='word_1_283' title='bbox 764 2273 853 2303; x_wconf 86' lang='lat' dir='ltr'><strong>sunt</strong></span> <span class='ocrx_word' id='word_1_284' title='bbox 870 2293 882 2313; x_wconf 77' lang='lat'><strong>‚</strong></span> <span class='ocrx_word' id='word_1_285' title='bbox 916 2279 1001 2319; x_wconf 83' lang='lat' dir='ltr'><strong>quae</strong></span> <span class='ocrx_word' id='word_1_286' title='bbox 1033 2264 1073 2304; x_wconf 90' lang='lat' dir='ltr'><strong>in</strong></span> <span class='ocrx_word' id='word_1_287' title='bbox 1097 2263 1369 2318; x_wconf 84' lang='lat' dir='ltr'><strong>exemplaribus</strong></span> <span class='ocrx_word' id='word_1_288' title='bbox 1398 2274 1506 2304; x_wconf 86' lang='lat' dir='ltr'><strong>antea</strong></span> 
     </span>
     <span class='ocr_line' id='line_1_32' title="bbox 58 2325 1503 2386; baseline 0.003 -20"><span class='ocrx_word' id='word_1_289' title='bbox 58 2325 252 2377; x_wconf 85' lang='lat' dir='ltr'><strong>impressis</strong></span> <span class='ocrx_word' id='word_1_290' title='bbox 281 2342 365 2367; x_wconf 91' lang='lat' dir='ltr'><strong>non</strong></span> <span class='ocrx_word' id='word_1_291' title='bbox 386 2328 635 2368; x_wconf 85' lang='lat' dir='ltr'><strong>inveniuntur</strong></span> <span class='ocrx_word' id='word_1_292' title='bbox 657 2344 666 2367; x_wconf 79' lang='lat' dir='ltr'>t</span> <span class='ocrx_word' id='word_1_293' title='bbox 694 2337 776 2369; x_wconf 89' lang='lat' dir='ltr'><strong>tum</strong></span> <span class='ocrx_word' id='word_1_294' title='bbox 799 2345 934 2371; x_wconf 89' lang='lat' dir='ltr'><strong>eorum</strong></span> <span class='ocrx_word' id='word_1_295' title='bbox 958 2331 1157 2386; x_wconf 81' lang='lat' dir='ltr'><strong>apologia,</strong></span> <span class='ocrx_word' id='word_1_296' title='bbox 1188 2347 1273 2385; x_wconf 78' lang='lat' dir='ltr'><strong>quae.</strong></span> <span class='ocrx_word' id='word_1_297' title='bbox 1310 2331 1458 2371; x_wconf 85' lang='lat' dir='ltr'><strong>fuerant</strong></span> <span class='ocrx_word' id='word_1_298' title='bbox 1482 2345 1503 2370; x_wconf 88' lang='lat' dir='ltr'><strong>a</strong></span> 
     </span>
     <span class='ocr_line' id='line_1_33' title="bbox 59 2393 1503 2453; baseline 0.003 -20"><span class='ocrx_word' id='word_1_299' title='bbox 59 2393 284 2448; x_wconf 86' lang='lat' dir='ltr'><strong>quibusdam</strong></span> <span class='ocrx_word' id='word_1_300' title='bbox 312 2396 552 2450; x_wconf 86' lang='lat' dir='ltr'><strong>reprehensa.</strong></span> <span class='ocrx_word' id='word_1_301' title='bbox 585 2396 635 2436; x_wconf 93' lang='lat' dir='ltr'><strong>In</strong></span> <span class='ocrx_word' id='word_1_302' title='bbox 661 2397 736 2437; x_wconf 92' lang='lat' dir='ltr'><strong>fine</strong></span> <span class='ocrx_word' id='word_1_303' title='bbox 757 2413 767 2436; x_wconf 78' lang='lat' dir='ltr'>t</span> <span class='ocrx_word' id='word_1_304' title='bbox 799 2415 819 2434; x_wconf 79' lang='grc' dir='ltr'><strong>α</strong></span> <span class='ocrx_word' id='word_1_305' title='bbox 840 2399 883 2438; x_wconf 88' lang='lat' dir='ltr'><strong>Si</strong></span> <span class='ocrx_word' id='word_1_306' title='bbox 903 2399 995 2453; x_wconf 91' lang='lat' dir='ltr'><strong>quid</strong></span> <span class='ocrx_word' id='word_1_307' title='bbox 1017 2399 1119 2439; x_wconf 81' lang='lat' dir='ltr'><strong>forte</strong></span> <span class='ocrx_word' id='word_1_308' title='bbox 1140 2400 1333 2439; x_wconf 84' lang='lat' dir='ltr'><strong>literarum</strong></span> <span class='ocrx_word' id='word_1_309' title='bbox 1361 2398 1503 2438; x_wconf 88' lang='lat' dir='ltr'><strong>immu-</strong></span> 
     </span>
     <span class='ocr_line' id='line_1_34' title="bbox 57 2461 1504 2515; baseline 0.003 -15"><span class='ocrx_word' id='word_1_310' title='bbox 57 2461 206 2501; x_wconf 87' lang='lat' dir='ltr'><strong>tatione</strong></span> <span class='ocrx_word' id='word_1_311' title='bbox 217 2490 230 2510; x_wconf 85' lang='lat'><strong>‚</strong></span> <span class='ocrx_word' id='word_1_312' title='bbox 247 2469 320 2502; x_wconf 87' lang='lat' dir='ltr'><strong>etc.</strong></span> <span class='ocrx_word' id='word_1_313' title='bbox 334 2463 448 2504; x_wconf 87' lang='lat' dir='ltr'><strong>aliave</strong></span> <span class='ocrx_word' id='word_1_314' title='bbox 465 2463 731 2515; x_wconf 83' lang='lat' dir='ltr'><strong>depravatione</strong></span> <span class='ocrx_word' id='word_1_315' title='bbox 747 2463 953 2506; x_wconf 80' lang='lat' dir='ltr'><strong>offenderis</strong></span> <span class='ocrx_word' id='word_1_316' title='bbox 972 2494 983 2515; x_wconf 92' lang='lat'>‚</span> <span class='ocrx_word' id='word_1_317' title='bbox 1005 2466 1175 2506; x_wconf 87' lang='lat' dir='ltr'><strong>studiose</strong></span> <span class='ocrx_word' id='word_1_318' title='bbox 1192 2467 1316 2505; x_wconf 87' lang='lat' dir='ltr'><strong>lector</strong></span> <span class='ocrx_word' id='word_1_319' title='bbox 1329 2495 1339 2514; x_wconf 86' lang='lat'>‚</span> <span class='ocrx_word' id='word_1_320' title='bbox 1355 2465 1395 2504; x_wconf 90' lang='lat' dir='ltr'><strong>id</strong></span> <span class='ocrx_word' id='word_1_321' title='bbox 1414 2480 1504 2505; x_wconf 80' lang='lat' dir='ltr'><strong>cor-</strong></span> 
     </span>
     <span class='ocr_line' id='line_1_35' title="bbox 58 2529 1503 2587; baseline 0.001 -17"><span class='ocrx_word' id='word_1_322' title='bbox 58 2530 244 2570; x_wconf 87' lang='lat' dir='ltr'><strong>rectionis</strong></span> <span class='ocrx_word' id='word_1_323' title='bbox 267 2529 478 2571; x_wconf 84' lang='lat' dir='ltr'><strong>difficultati</strong></span> <span class='ocrx_word' id='word_1_324' title='bbox 492 2531 650 2571; x_wconf 85' lang='lat' dir='ltr'><strong>ascribas</strong></span> <span class='ocrx_word' id='word_1_325' title='bbox 673 2540 784 2586; x_wconf 85' lang='lat' dir='ltr'><strong>rogat</strong></span> <span class='ocrx_word' id='word_1_326' title='bbox 802 2532 999 2587; x_wconf 86' lang='lat' dir='ltr'><strong>Georgius</strong></span> <span class='ocrx_word' id='word_1_327' title='bbox 1020 2534 1066 2572; x_wconf 89' lang='lat' dir='ltr'><strong>de</strong></span> <span class='ocrx_word' id='word_1_328' title='bbox 1082 2532 1327 2572; x_wconf 79' lang='lat' dir='ltr'><strong>Rusconibus</strong></span> <span class='ocrx_word' id='word_1_329' title='bbox 1345 2532 1503 2572; x_wconf 90' lang='lat' dir='ltr'><strong>Medio-</strong></span> 
     </span>
     <span class='ocr_line' id='line_1_36' title="bbox 62 2595 1505 2654; baseline 0.001 -17"><span class='ocrx_word' id='word_1_330' title='bbox 62 2595 228 2637; x_wconf 85' lang='lat' dir='ltr'><strong>lanensis</strong></span> <span class='ocrx_word' id='word_1_331' title='bbox 245 2625 258 2646; x_wconf 82' lang='lat'>‚</span> <span class='ocrx_word' id='word_1_332' title='bbox 283 2598 392 2652; x_wconf 81' lang='lat' dir='ltr'><strong>cujus</strong></span> <span class='ocrx_word' id='word_1_333' title='bbox 424 2597 609 2639; x_wconf 89' lang='lat' dir='ltr'><strong>industria</strong></span> <span class='ocrx_word' id='word_1_334' title='bbox 632 2599 756 2650; x_wconf 85' lang='lat' dir='ltr'><strong>Raph.</strong></span> <span class='ocrx_word' id='word_1_335' title='bbox 781 2600 927 2654; x_wconf 82' lang='lat' dir='ltr'><strong>Regius</strong></span> <span class='ocrx_word' id='word_1_336' title='bbox 950 2599 991 2638; x_wconf 92' lang='lat' dir='ltr'><strong>in</strong></span> <span class='ocrx_word' id='word_1_337' title='bbox 1014 2600 1088 2639; x_wconf 92' lang='lat' dir='ltr'><strong>hoc</strong></span> <span class='ocrx_word' id='word_1_338' title='bbox 1116 2614 1231 2654; x_wconf 79' lang='lat' dir='ltr'><strong>opere</strong></span> <span class='ocrx_word' id='word_1_339' title='bbox 1253 2598 1505 2639; x_wconf 85' lang='lat' dir='ltr'><strong>describendo</strong></span> 
     </span>
    </p>
   </div>
   <div class='ocr_carea' id='block_1_3' title="bbox 62 2664 1505 2788">
    <p class='ocr_par' dir='ltr' id='par_1_13' title="bbox 62 2664 1505 2788">
     <span class='ocr_line' id='line_1_37' title="bbox 62 2664 1505 2717; baseline 0.001 -14"><span class='ocrx_word' id='word_1_340' title='bbox 62 2678 155 2703; x_wconf 82' lang='lat' dir='ltr'><strong>usus</strong></span> <span class='ocrx_word' id='word_1_341' title='bbox 189 2672 260 2704; x_wconf 86' lang='lat' dir='ltr'><strong>est.</strong></span> <span class='ocrx_word' id='word_1_342' title='bbox 297 2664 469 2705; x_wconf 88' lang='lat' dir='ltr'><strong>Venetiis</strong></span> <span class='ocrx_word' id='word_1_343' title='bbox 484 2695 495 2714; x_wconf 91' lang='lat'><strong>‚</strong></span> <span class='ocrx_word' id='word_1_344' title='bbox 526 2665 705 2717; x_wconf 89' lang='lat' dir='ltr'><strong>Principe</strong></span> <span class='ocrx_word' id='word_1_345' title='bbox 746 2665 878 2706; x_wconf 85' lang='lat' dir='ltr'><strong>felicis.</strong></span> <span class='ocrx_word' id='word_1_346' title='bbox 916 2666 1119 2706; x_wconf 90' lang='lat' dir='ltr'><strong>Leonardo</strong></span> <span class='ocrx_word' id='word_1_347' title='bbox 1164 2665 1399 2706; x_wconf 85' lang='lat' dir='ltr'><strong>Lauredano.</strong></span> <span class='ocrx_word' id='word_1_348' title='bbox 1431 2664 1505 2705; x_wconf 91' lang='lat' dir='ltr'><strong>Die</strong></span> 
     </span>
     <span class='ocr_line' id='line_1_38' title="bbox 65 2729 1475 2788; baseline 0.001 -20"><span class='ocrx_word' id='word_1_349' title='bbox 65 2740 121 2769; x_wconf 79' lang='lat' dir='ltr'><strong>xx</strong></span> <span class='ocrx_word' id='word_1_350' title='bbox 138 2729 284 2784; x_wconf 86' lang='lat' dir='ltr'><strong>Aprilis</strong></span> <span class='ocrx_word' id='word_1_351' title='bbox 308 2731 536 2770; x_wconf 85' lang='lat' dir='ltr'><strong>MDXVII.</strong></span> <span class='ocrx_word' id='word_1_352' title='bbox 562 2750 583 2768; x_wconf 74' lang='lat' dir='ltr'><strong>n</strong></span> <span class='ocrx_word' id='word_1_353' title='bbox 604 2732 968 2787; x_wconf 16' lang='lat' dir='ltr'><strong>‘in-fol.—Panzer</strong></span> <span class='ocrx_word' id='word_1_354' title='bbox 981 2762 992 2781; x_wconf 85' lang='lat'>‚</span> <span class='ocrx_word' id='word_1_355' title='bbox 1015 2740 1109 2773; x_wconf 77' lang='lat' dir='ltr'><strong>tom.</strong></span> <span class='ocrx_word' id='word_1_356' title='bbox 1130 2734 1260 2781; x_wconf 80' lang='lat' dir='ltr'>VIII,</span> <span class='ocrx_word' id='word_1_357' title='bbox 1278 2747 1362 2788; x_wconf 85' lang='lat' dir='ltr'><strong>pag.</strong></span> <span class='ocrx_word' id='word_1_358' title='bbox 1382 2731 1475 2782; x_wconf 70' lang='grc'><strong>441.</strong></span> 
     </span>
    </p>
   </div>
  </div>
 </body>
</html>
