1794 3100
617 209 746 253 PER
777 210 821 252 J.
856 209 1161 253 MASSON.
1514 210 1595 252 165

178 305 299 374 quod
319 303 614 372 opus'theatro
637 303 902 354 destinatum
933 303 1097 361 fuisse,
1124 303 1287 352 docent
1317 303 1446 352 etiam
1468 322 1598 371 supe-

175 384 315 434 riores
335 402 444 432 vers.
467 381 496 430 3
518 394 563 432 et
582 383 612 444 4
632 402 641 431 :

393 482 475 517 Hoc
490 493 629 526 quoque
649 480 749 526 jussit
764 481 878 515 Amor
892 492 900 514 ε
918 479 1038 524 procul
1052 479 1134 514 hinc
1145 505 1155 522 ,
1173 479 1293 525 procul
1309 486 1380 515 este
1398 492 1526 515 severae
1542 494 1550 514 ι

437 542 520 577 Non
537 540 617 577 estis
631 541 761 576 teneris
776 548 871 587 apta,
889 542 1037 582 theatra,
1060 540 1184 576 modis.

244 628 306 678 V.
328 629 398 676 Ex
420 625 507 675 illis
528 645 631 674 vero
654 626 857 674 Nasonis-
868 625 1079 692 operibus
1097 625 1256 691 tragiczs
1276 625 1479 674 laudatur
1493 639 1602 692 prae-

180 705 330 753 sertim
351 704 406 754 ab
431 697 625 770 antiquis
646 703 827 759 Medea,
851 703 903 751 de
924 722 1008 769 qua
1031 715 1185 751 auctor
1201 702 1382 766 Dialogi
1407 703 1459 751 de
1484 704 1602 752 Ora-

178 784 352 832 toribus
377 804 386 832 :
417 806 439 826 «
463 784 556 831 Nec
573 820 584 840 ‚
610 782 672 830 ait
699 788 729 840 ¹,
752 780 871 830 ullus
894 781 1039 830 Asinii
1061 794 1137 830 aut
1161 782 1360 831 Messalae
1382 782 1495 831 liber
1513 794 1603 831 tam

182 883 207 904 »ι
233 859 419 909 illustris
434 872 521 918 est,
541 879 671 926 quam
689 860 870 908 MEDEA
885 859 1055 907 Ovmn
1070 896 1082 917 ‚
1100 870 1176 907 aut
1189 859 1310 908 Varii
1326 859 1554 926 Thyestes.
1576 881 1599 902 »

180 938 488 1003 Quintilianus
513 945 529 963 ²
554 958 734 1005 quoque
757 938 872 987 idem
898 956 1011 1005 opus
1033 937 1205 987 extollit
1227 959 1235 986 ε
1264 961 1286 981 «
1312 940 1483 987 Ovum
1500 940 1604 987 ME-

183 1038 207 1058 »
234 1029 353 1074 ΒΕΑ,
386 1016 557 1083 inquit,
593 1016 767 1064 videtur
795 1016 904 1063 mihi
934 1015 1162 1065 ostendere
1196 1029 1410 1083 quantum
1433 1017 1500 1065 vir
1530 1015 1606 1065 ille

185 1116 208 1136 »
235 1105 441 1160 praestare
461 1093 681 1160 potuerit,
709 1092 746 1142 si
767 1093 946 1157 ingenio
978 1113 1060 1142 suo
1084 1106 1351 1160 temperare,
1380 1113 1508 1161 quam
1539 1094 1606 1142 in-

185 1192 208 1213 »
236 1170 416 1234 dulgere
441 1170 680 1220 maluisset.
703 1194 726 1214 »
757 1171 1042 1220 Recentiores
1065 1171 1324 1221 omittimus.

724 1286 772 1298 υυιη

380 1400 489 1435 Anno
504 1407 584 1436 ante
603 1399 645 1437 C.
658 1413 693 1444 13
710 1401 756 1437 U.
777 1400 818 1438 C.
834 1411 995 1446 nccuu3
1014 1400 1133 1437 Ovidii
1150 1413 1226 1437 x1.11
1241 1409 1277 1437 et
1294 1413 1395 1437 xun.

221 1493 384 1530 COSSO
405 1494 558 1533 CORN.
572 1496 811 1532 LENTULO
823 1522 832 1540 ‚
852 1497 892 1531 L.
910 1495 1207 1532 CALPURNIO
1225 1495 1409 1532 PISONE
1427 1494 1562 1533 COSS.

249 1591 283 1637 I.
324 1590 452 1638 HUIC
487 1589 747 1639 citissimum
783 1610 901 1640 anno
942 1590 1061 1638 venit
1096 1590 1459 1648 adscribendum,
1485 1591 1608 1657 quod

186 1667 376 1716 Ovidius
400 1667 511 1727 sibi,
541 1668 657 1717 edita
679 1669 766 1734 jam
790 1671 903 1718 Arte
924 1670 1170 1726 Amatoria,
1200 1669 1436 1733 obtigisse,
1463 1671 1580 1719 canit
1595 1710 1606 1730 ,

182 1746 318 1794 Trist.
342 1746 420 1814 lib.
442 1748 511 1805 II,
532 1748 685 1796 Artem
708 1746 827 1795 illam
843 1785 854 1806 ‚
877 1766 973 1814 quae
989 1748 1210 1815 praecipua
1228 1749 1296 1797 sui
1318 1747 1459 1798 exsilii
1479 1769 1607 1799 causa

182 1822 432 1883 dicebatur,
456 1825 574 1892 apud
597 1826 850 1889 Augustum
873 1823 1121 1882 vindicans,
1148 1844 1259 1874 vers.
1289 1825 1529 1895 539-546:

401 1922 475 1958 Nos
490 1935 627 1968 quoque
641 1949 651 1967 ,
660 1923 738 1967 jam
748 1925 877 1967 pridem
892 1923 1020 1969 scripto
1038 1924 1255 1969 peccavimus
1267 1938 1339 1960 uno
1354 1940 1363 1968 ;

446 1983 663 2029 Supplicium
678 1984 810 2029 patitur
824 1997 891 2018 non
907 1997 993 2018 nova
1006 1987 1107 2029 culpa
1122 1998 1255 2020 novum
1270 1998 1278 2020 :

407 2043 645 2090 Carminaque
659 2047 827 2080 edideram
838 2072 847 2086 ‚
866 2058 975 2091 quum
993 2053 1026 2080 te
1043 2047 1167 2081 delicta
1181 2052 1350 2082 notantem
1362 2075 1371 2088 ‚

447 2107 600 2146 Praeterii
610 2106 712 2142 toties
727 2107 805 2151 iure
822 2105 838 2127 ³
851 2107 988 2152 quietus
1002 2121 1109 2152 eques.

404 2166 500 2212 Ergo
512 2192 521 2209 ,
540 2180 616 2212 quae
624 2168 750 2211 juveni
759 2170 845 2202 mihi
857 2181 930 2203 non
947 2168 1107 2204 nocitura
1122 2168 1241 2214 putavi

448 2227 585 2273 Scripta
599 2240 723 2274 parum
737 2229 890 2275 prudens
901 2255 911 2273 ,
926 2242 1023 2265 nunc
1038 2243 1192 2266 nocuere
1206 2233 1308 2266 seni?

409 2290 491 2323 Sera
507 2288 718 2324 redundavit
733 2294 853 2325 vetet-125
870 2289 1023 2325 vindicta
1040 2289 1153 2325 libelli.

186 2392 282 2440 quae
305 2393 442 2440 quum
467 2372 550 2422 sub
575 2372 643 2422 sui
667 2371 807 2422 exsilii
830 2392 880 2421 ac
901 2374 1003 2421 anni
1027 2376 1089 2422 U.
1124 2375 1173 2423 C.
1210 2387 1417 2423 DCCLle
1450 2375 1614 2441 princi-

226 2490 237 2509 ¹
264 2487 316 2522 Ca
343 2515 350 2523 .
377 2488 428 2523 13.

226 2551 242 2570 ²
264 2501 376 2585 Insiiit.
393 2549 449 2585 lib.
466 2552 499 2586 X
511 2578 520 2594 ,
546 2564 619 2597 cap.
635 2552 656 2595 4
676 2564 684 2586 :
701 2550 768 2586 vid.
784 2558 821 2586 et
836 2551 892 2587 lib.
909 2552 1000 2587 VIII
1013 2578 1023 2596 ,
1046 2566 1118 2598 cap.
1134 2555 1163 2587 5.

225 2608 239 2630 ³
262 2609 379 2656 Vulgo
394 2610 522 2657 legitur
536 2614 728 2656 irrequietus
740 2638 748 2652 ,
777 2612 831 2646 vel
848 2612 955 2647 etiam
970 2612 1008 2647 in
1032 2613 1110 2648 cod.
1131 2612 1230 2649 MSS
1249 2616 1460 2660 threquietus.
1477 2614 1611 2660 Lipsius

184 2680 267 2702 vero
284 2667 327 2702 de
345 2668 448 2703 Milit.
474 2669 578 2703 Rom.
602 2668 659 2703 lib.
675 2669 691 2703 Ι
710 2696 718 2713 ,
738 2669 871 2715 Dialog.
899 2681 940 2713 v,
968 2672 1027 2704 ille
1049 2674 1199 2716 quietus,
1229 2671 1416 2718 legendum
1441 2672 1613 2707 censebat.

187 2723 318 2759 Melius
334 2731 452 2771 postea
466 2725 506 2760 cl.
529 2724 603 2762 Nic.
623 2724 790 2762 Heinsius
803 2738 844 2760 ex
861 2726 968 2762 tribus
986 2726 1137 2772 antiquis
1154 2727 1250 2764 MSS
1259 2729 1339 2773 jure
1353 2732 1482 2775 quietus
1494 2728 1615 2764 edidit.
