1794 3100
591 255 725 300 PER
757 258 800 299 J.
837 255 1134 300 MASSON.
1505 259 1583 302 123

163 355 317 420 Reque
337 349 456 400 haud
475 350 569 399 sine
587 350 758 399 ratione
774 349 907 397 nobis
926 349 1125 397 videmus
1145 349 1392 398 existimare
1406 388 1418 407 ‚
1434 351 1589 400 trium—

162 429 352 478 viratum
375 428 494 477 haud
518 439 617 476 ante
641 427 727 476 hos
751 425 951 476 consules
966 465 977 483 ‚
1006 427 1170 494 quibus
1193 446 1355 476 annum
1377 429 1513 477 aetatis
1530 443 1593 477 XX

161 505 422 573 adimplevit
446 505 637 555 Ovidius
653 543 665 563 ‚
690 505 747 553 ab
774 524 826 553 eo
854 517 1109 571 susceptum
1131 524 1236 554 esse.
1263 507 1353 553 Nec
1375 505 1490 554 enim
1516 527 1594 555 au-

164 583 354 633 diendus
375 595 441 632 est
463 583 668 650 Lipsius,
694 583 770 650 qui
793 602 846 632 ex
871 583 1020 650 priore
1050 582 1212 632 Dionis
1236 583 1334 632 loco
1365 595 1562 632 autumat
1580 621 1592 641 ,

163 659 397 708 institutos
419 678 511 709 esse
535 674 599 709 XX
620 659 737 708 viros
761 659 816 708 ab
847 661 1076 722 August0,
1101 678 1239 725 quum
1274 672 1399 708 antea
1434 659 1590 721 viginti

164 757 241 787 sex
264 748 433 794 essent,
460 756 575 785 anno
601 739 658 785 U.
685 738 734 785 C.
763 749 934 785 DCCXLI
953 757 962 784 :
984 737 1201 804 siquidem
1218 737 1306 785 hoc
1328 757 1420 785 non
1440 737 1592 785 scribit

164 815 280 873 Dio,
304 833 447 881 neque
469 815 626 864 exinde
651 814 852 882 sequitur
869 853 881 873 ‚
906 814 1026 881 quod
1048 814 1122 863 ille
1145 814 1199 863 ad
1225 833 1324 863 eum
1347 834 1509 863 annum
1523 814 1595 863 fu-

164 891 439 942 sius-dixerit
453 929 465 950 ‚
489 893 566 959 qui
584 893 749 942 fuerint
772 907 835 942 xx
853 893 947 942 viri.
971 894 1094 957 Quin
1118 893 1244 942 etiam
1266 893 1384 941 haud
1407 893 1594 941 obscure

162 971 337 1029 innuit,
375 986 439 1021 xx
470 972 587 1021 viros
613 972 700 1038 jam
723 984 824 1021 ante
849 972 1117 1021 constitutos
1144 972 1303 1028 fuisse,
1332 991 1461 1038 quam
1482 970 1593 1019 illud

163 1046 290 1097 fieret
310 1048 766 1107 senatusconsultum,
790 1049 914 1114 cujus
938 1049 1166 1098 occasione
1184 1049 1237 1097 de
1258 1047 1346 1097 illis
1369 1047 1594 1114 loquitur;

158 1125 369 1192 idemque
386 1126 546 1176 diserte
565 1126 796 1175 confirmat
815 1147 917 1176 mox
941 1127 1105 1176 addens
1117 1165 1129 1185 ‚
1145 1129 1234 1195 jam
1254 1137 1346 1175 ante
1364 1126 1597 1192 subrogatos

147 1201 289 1268 fia‘ssc
302 1221 379 1254 sex
390 1202 504 1253 alios
515 1241 528 1261 ‚
548 1204 624 1270 qui
639 1204 744 1253 olim
758 1205 913 1267 viginti
932 1224 1006 1254 sex
1022 1206 1216 1253 virorum
1231 1222 1461 1252 numerum
1479 1223 1597 1252 com-

165 1281 372 1349 plebant,
394 1282 477 1331 duo
497 1283 706 1332 nimirum
729 1284 778 1340 ii,
802 1284 875 1350 qui
892 1284 986 1332 vias
1007 1294 1127 1331 extra
1141 1283 1282 1331 urbem
1307 1282 1502 1330 curabant
1522 1321 1534 1338 ‚
1561 1291 1601 1329 et

167 1369 352 1427 quatuor,
374 1359 443 1427 qai
463 1360 505 1407 in
532 1359 800 1427 Campaniam
819 1361 1086 1409 mittebantur.

232 1438 437 1487 Crassius
454 1438 598 1488 adhuc
617 1451 732 1488 errat
750 1439 944 1489 Siccama
965 1445 975 1464 ¹
990 1477 1002 1498 ‚
1025 1458 1162 1505 quum
1186 1457 1238 1486 ex
1261 1437 1414 1486 eodem
1438 1437 1599 1485 Dionis

165 1513 265 1565 loco
290 1516 426 1574 eruit,
461 1531 525 1566 xx
546 1517 663 1567 viros
688 1518 862 1567 demum
881 1523 996 1567 anno
1021 1519 1076 1566 U.
1101 1518 1149 1566 C.
1178 1528 1347 1565 DCCXLI
1367 1553 1378 1574 ‚
1403 1526 1599 1564 senatus-

168 1592 374 1644 consulto
394 1613 446 1642 ex
461 1595 688 1661 equitibus
710 1595 873 1645 electos
896 1615 988 1646 esse
1001 1634 1012 1654 ‚
1035 1615 1172 1663 quum
1186 1595 1380 1662 primum
1400 1613 1451 1642 ex
1470 1592 1601 1660 plebe

167 1670 448 1735 potissimum
482 1686 763 1723 crearentur:
792 1675 918 1740 quasi
954 1693 1056 1723 vero
1093 1674 1183 1722 Dio
1215 1672 1510 1736 significaret,
1539 1685 1601 1719 xx

168 1747 287 1796 viros
310 1750 368 1797 ab
393 1769 446 1799 eo
470 1769 586 1799 anno
611 1752 794 1818 coepisse
817 1772 871 1800 ex
894 1751 1000 1800 solis
1026 1751 1253 1818 equitibus
1277 1750 1437 1798 creari!
1473 1750 1599 1796 Hanc

169 1838 282 1876 certe
305 1825 713 1894 interpretationem
737 1830 968 1879 confutant
1000 1847 1092 1876 non
1121 1828 1256 1876 modo
1281 1827 1364 1876 alia
1380 1865 1391 1884 ‚
1427 1846 1523 1893 quae
1548 1847 1599 1876 ex

166 1903 357 1971 ipsomet
371 1906 519 1955 Dione
537 1920 582 1956 et
596 1907 751 1956 Tacito
763 1908 852 1973 jam
873 1907 1142 1974 protulimus
1154 1944 1165 1964 ,
1183 1907 1259 1955 sed
1274 1907 1460 1973 ipsemet
1473 1906 1598 1954 locus

170 2002 195 2031 a
219 1981 272 2030 cl.
298 1984 393 2032 viro
413 1984 459 2033 in
484 2005 614 2035 suum
641 1987 894 2053 praesidium
921 1987 1182 2044 advocatus;
1207 1986 1424 2052 siquidem
1444 1985 1599 2034 exinde

170 2061 337 2110 clarum
360 2076 426 2112 est
439 2101 451 2120 ‚
475 2079 539 2112 xx
560 2065 680 2114 viros
704 2085 756 2114 eo
779 2085 899 2114 anno
920 2084 971 2114 ex
991 2065 1218 2130 equitibus
1239 2064 1376 2113 fuisse
1396 2064 1599 2127 designa-

170 2152 264 2198 tos,
289 2139 349 2189 ob
372 2139 487 2191 hanc
510 2154 681 2193 tantum
703 2145 946 2202 rationem,
972 2143 1093 2210 quod
1118 2155 1211 2192 tum
1233 2163 1347 2192 nemo
1375 2153 1498 2198 esset,
1531 2143 1602 2210 qai

168 2227 309 2280 sponte
342 2235 419 2266 sua
447 2229 612 2267 senator
636 2238 721 2269 esse
748 2221 887 2271 vellet.
921 2220 1136 2287 Adeoque
1167 2218 1597 2269 senatusconsultum

169 2307 275 2345 tunc
301 2288 511 2363 temporis
533 2295 719 2354 factum,
742 2317 834 2347 non
850 2297 936 2347 fuit
957 2310 1171 2365 perpetua
1189 2297 1258 2347 lex
1273 2335 1284 2355 ‚
1309 2316 1396 2364 qua
1421 2298 1466 2344 in
1491 2316 1595 2363 pos-

169 2385 310 2423 terum
330 2387 398 2424 'XX
419 2374 501 2424 viri
525 2393 577 2423 ex
598 2374 823 2440 equitibus
842 2388 988 2426 essent
1006 2376 1288 2433 desumendi;
1313 2375 1595 2441 quemadmo-

169 2449 276 2499 dum
298 2450 480 2518 insuper
511 2451 749 2500 innumerae
782 2451 1082 2503 demonstrant
1111 2452 1309 2519 lapidum
1340 2451 1596 2518 inscriptio-

167 2545 245 2577 nes
264 2564 275 2586 ,
307 2526 470 2593 quibus
508 2542 539 2577 X
571 2528 736 2578 viratus
759 2527 958 2578 stlitibus
984 2529 1259 2594 judicandis,
1295 2547 1397 2595 pars
1429 2529 1596 2578 scilicet

169 2618 235 2654 xx
256 2603 446 2663 viratus,
471 2606 571 2673 ipso
593 2607 789 2656 Siccama
813 2606 1045 2656 confitente
1059 2645 1072 2665 ,
1100 2618 1348 2656 recensetur
1371 2607 1488 2655 inter
1510 2607 1597 2654 ho-

166 2701 298 2732 nores
323 2683 620 2733 consularium
654 2685 849 2734 virorum
865 2723 876 2744 ‚
903 2705 1016 2752 quos
1042 2704 1195 2737 omnes
1224 2705 1275 2736 ex
1300 2686 1525 2753 equitibus
1550 2686 1595 2733 in

213 2782 223 2801 ¹
249 2780 304 2815 De
325 2780 544 2817 Centumvir.
563 2783 720 2827 Jufflcio,
741 2784 797 2819 lib.
814 2784 851 2827 Ι,
870 2796 943 2830 cap.
959 2798 989 2832 9.
