1794 3100
469 222 559 267 DE
589 221 642 266 P.
679 218 951 266 OVIDIO
981 218 1284 266 NASONE.
1503 220 1592 280 359

166 317 418 381 fiamine
438 323 655 361 memorat
675 315 933 361 Harduin'us
954 317 1001 359 in
1022 316 1170 358 numis
1190 313 1373 357 urbium
1394 313 1591 357 illustra·—

167 393 240 436 tim
262 389 420 450 Neque
442 404 553 433 vero‘
570 404 622 432 ex
643 404 694 433 eo
707 422 720 442 ,
748 388 869 449 quod
892 386 1004 431 nulli
1027 394 1196 431 exstant
1217 386 1447 429 Tomitani
1467 386 1594 428 numi

166 465 466 524 Augustorum
488 462 651 506 honori
673 462 1000 523 -peruussiunte
1016 458 1293 514 Traianum,
1326 465 1448 501 recte
1467 457 1594 501 colli-

165 551 255 597 ga,
264 527 630 592 Tomihnosnon
642 534 1039 596 paruissoimperio
1053 533 1274 585 Romano,
1286 530 1476 590 Augusti
1489 537 1597 572 tem-

166 620 275 668 pore
287 640 302 663 ‚
315 623 465 669 quum
478 607 728 668 ablegatum
741 606 886 651 illo-ab
903 608 1104 666 Augusto
1122 602 1340 649 Ovidium
1356 604 1449 663 ipse
1464 609 1595 663 poeta

165 681 468 741 non‘patiatur
477 696 563 724 nos
582 679 805 724 dubitare.
832 678 1047 725 Eirsiliiu'n
1064 692 1174 722 ‘vero
1196 679 1344 738 ipsum
1369 676 1596 735 indignius

166 751 254 796 fert
271 752 465 798 Raudius
485 761 496 778 ¹
513 755 559 797 in
574 753 791 813 farragine
808 754 1076 805 carminum,
1097 765 1198 811 pag.
1217 751 1300 795 631
1321 784 1333 805 ‚
1352 765 1486 811 quam
1503 750 1597 808 ipse

168 824 274 869 tulit
291 825 501 870 Ovidius.
527 827 592 870 Eo
608 826 729 869 enim
744 824 892 881 judice
912 843 923 868 :

387 934 492 972 Nulla
508 941 622 982 potest
639 941 775 970 tantam
797 932 975 969 feritatem
990 933 1176 969 obvolvere
1191 942 1293 969 causa
1305 958 1315 977 ,

433 995 559 1032 Nullus
575 995 718 1042 patricia
737 995 839 1031 fictus
854 995 896 1031 ab
911 1002 984 1031 arte
1002 993 1099 1031 color
1118 1009 1127 1036 ;

390 1056 464 1093 Seu
480 1056 575 1103 quod
591 1069 711 1092 amare
727 1056 831 1093 doces
842 1083 853 1102 ,
869 1057 1050 1092 submotus
1066 1056 1108 1091 ab
1125 1056 1211 1092 urbe
1229 1055 1373 1102 Quirini
1392 1067 1447 1098 es,

435 1118 518 1154 Sive
536 1117 630 1164 quod
649 1130 816 1165 arcanum
832 1117 959 1153 videris
975 1116 1154 1152 horribile.

341 1204 344 1208 «
391 1178 484 1215 Nam
500 1178 595 1224 quod
611 1186 645 1214 te
662 1186 865 1214 memorant
880 1177 1036 1214 sobolem
1053 1184 1240 1213 temerasse
1255 1176 1395 1225 tyranni
1398 1202 1413 1221 ,

429 1238 589 1285 Suspicio
604 1238 641 1274 in
657 1251 775 1274 mores
794 1251 868 1274 non
885 1238 976 1274 cadit
990 1238 1054 1273 ista
1072 1245 1150 1272 tuos
1165 1251 1174 1280 3

372 1300 464 1338 ‘Nec
478 1312 562 1337 reor
577 1313 586 1336 ε
604 1308 680 1337 esto
699 1307 840 1345 tamem·
864 1299 1051 1335 suerit'tibi
1063 1300 1162 1335 Juliar
1171 1297 1272 1335 'cordi
1285 1325 1295 1343 ,

431 1361 527 1397 Julia
543 1368 617 1398 tam
635 1361 755 1397 multis
771 1360 953 1397 nobilitata
967 1361 1079 1407 procis
1091 1386 1102 1404 ‚
1119 1367 1185 1396 etc.

389 1422 569 1460 Idcircone
593 1423 727 1459 Tomos
744 1422 934 1458 transmitti
957 1421 1111 1458 Romula
1136 1421 1241 1456 Siren

434 1483 571 1519 Debuit
588 1509 598 1529 ,
620 1491 657 1520 et
674 1484 791 1520 Latios
807 1483 1000 1522 deseruisse
1015 1481 1129 1518 lares?

391 1546 467 1582 Nec
482 1545 586 1581 venia
603 1545 730 1592 dignus
748 1545 818 1581 fuit
836 1545 929 1581 inter
942 1540 1072 1592 probra
1088 1551 1161 1589 tot,
1190 1556 1283 1579 unus
1294 1569 1304 1587 ,

432 1604 481 1644 Et
498 1614 593 1644 vates
604 1634 614 1653 ,
630 1615 666 1644 et
682 1621 804 1644 amans
815 1634 826 1653 ,
846 1615 883 1643 et
899 1620 1087 1654 generosus
1103 1619 1208 1653 eques
1222 1605 1237 1641 ?
1256 1613 1320 1641 etc.

118 1743 138 1757 ,
174 1702 315 1749 Aliud
333 1704 476 1748 visum
494 1706 665 1748 auctori
687 1704 932 1748 hexastichi
944 1737 957 1758 ,
982 1703 1105 1765 quod
1129 1701 1245 1746 infra
1265 1701 1477 1762 adscripsi
1500 1719 1510 1745 :

391 1817 450 1852 Tu
466 1817 525 1863 qui
541 1817 715 1863 virgineos
732 1817 908 1852 temerasti
922 1816 1079 1852 carmine
1100 1815 1214 1850 vultus
1228 1842 1238 1859 ,

435 1878 552 1914 Deme
573 1879 640 1914 tuis
656 1879 772 1913 lauros
786 1904 795 1921 ‚
813 1885 906 1913 serta
921 1877 1045 1924 pudica
1059 1903 1068 1921 ‚
1085 1877 1204 1912 comis.

395 1940 465 1975 Ista
481 1939 610 1976 decent
627 1947 735 1976 castos
753 1939 939 1975 Heliconia
956 1939 1055 1985 signa
1076 1946 1196 1985 poetas
1215 1951 1224 1974 z

444 2000 615 2037 Sarmatis
629 2001 739 2037 herba
754 2008 860 2047 caput
875 2001 993 2048 cingat
1009 2013 1126 2035 amara
1145 2008 1258 2036 tuum.

399 2061 516 2098 Cedat
535 2063 713 2110 Pegasidis
728 2064 837 2099 Ponti
852 2062 1047 2098 mittendus
1063 2062 1108 2097 ad
1127 2061 1261 2105 undas,

377 2114 380 2116 -
442 2124 593 2171 Ingenio
608 2123 711 2171 periit
724 2125 786 2170 qui
804 2124 917 2161 malus
929 2124 1003 2171 ipse
1013 2136 1089 2159 suo.

179 2219 287 2280 Quae
296 2221 352 2267 de
367 2222 531 2267 calamo
544 2229 560 2246 ³
573 2224 664 2279 ejus
682 2231 888 2286 argenteo
904 2231 948 2267 et
960 2221 1203 2284 sepulchro
1222 2218 1278 2266 in*
1288 2221 1456 2266 Moscia
1465 2235 1615 2281 reper-

227 2352 238 2371 ¹
262 2349 402 2386 Baudio
425 2350 627 2397 jungendus
652 2350 774 2387 Gallus
794 2351 942 2398 scriptor
963 2352 1017 2388 Μ.
1035 2353 1231 2388 Deslandes
1251 2352 1288 2386 in
1313 2350 1404 2386 libro
1428 2348 1568 2385 Parisiis
1585 2354 1621 2384 et

182 2405 328 2442 Amstel.
350 2419 387 2453 17
397 2408 434 2442 ι5
448 2433 457 2451 ,
482 2406 588 2441 in-xa
600 2432 610 2450 ‚
628 2405 725 2441 edito
737 2433 747 2450 ‚
771 2407 869 2443 I'Art
881 2410 924 2442 de
936 2420 978 2445 ne
987 2411 1088 2453 point
1099 2408 1295 2454 s'emeuyer,
1315 2419 1387 2452 cap.
1406 2407 1435 2439 5.

226 2468 243 2488 ²
255 2466 314 2502 De
335 2466 471 2503 calamo
488 2466 610 2503 Ovidii
627 2467 701 2503 haec
719 2467 894 2503 Hercules
912 2467 1082 2504 Ciosanus
1107 2468 1144 2504 in
1171 2467 1293 2503 Ovidii
1311 2466 1381 2502 vita
1409 2479 1418 2502 ι
1445 2480 1463 2496 «
1481 2465 1626 2502 Isabella

182 2521 379 2558 Pannoniae
394 2522 515 2568 regina
536 2521 676 2558 circiter
689 2535 824 2558 annum
841 2525 925 2572 1540
943 2550 953 2567 ,
972 2523 1094 2559 Ovidii
1114 2523 1287 2560 calamum
1305 2535 1346 2558 ex
1362 2528 1508 2568 argento
1526 2521 1626 2556 Tau—

184 2578 289 2623 runi,
310 2591 389 2625 quoe
403 2586 456 2614 est
472 2579 556 2615 urbs
572 2578 753 2614 inferioris
771 2579 968 2616 Panno'niae
979 2606 989 2624 ,
1007 2580 1162 2616 ostendit
1175 2581 1284 2615 Petro
1302 2578 1441 2624 Angeia
1456 2579 1603 2624 Bargaeo
1614 2603 1625 2621 ,

184 2635 244 2680 qui
260 2634 328 2670 hoc
344 2634 458 2680 ipsum
478 2635 565 2670 mihi
582 2635 759 2679 narravit,
779 2648 860 2670 cum
882 2635 947 2670 hac
970 2635 1196 2680 inscriptione
1221 2647 1229 2668 :
1257 2635 1374 2670 Ovidii
1388 2635 1540 2671 Nasonis
1556 2646 1625 2667 ca·-

183 2692 295 2726 lamus
311 2717 321 2733 ,
349 2691 409 2736 qui
435 2704 509 2726 non
536 2692 650 2727 multo
676 2699 758 2740 ante
789 2691 826 2726 id
849 2699 988 2738 tempus
1013 2692 1078 2727 sub
1101 2690 1308 2738 quibusdam
1334 2689 1487 2735 antiquis
1515 2688 1627 2724 ruinis

185 2747 302 2783 suerat
319 2756 489 2795 repertus.
509 2750 605 2785 Eum
621 2749 745 2796 regina
762 2748 834 2795 ipsa
855 2748 1000 2795 plurimi
1025 2749 1173 2785 faciebat
1184 2776 1193 2791 ‚
1219 2756 1255 2785 et
1269 2749 1378 2785 veluti
1400 2760 1477 2784 rem
1492 2758 1626 2782 sacram
