1794 3100
542 245 632 290 ET
667 244 1173 289 PRAEFATIONES.
1486 248 1571 306 295

143 340 284 393 latum
301 339 560 406 scriptorem
574 338 962 397 facundissimum,
982 359 1031 388 ac
1049 338 1173 388 facile
1189 340 1435 406 principem
1449 377 1460 397 ‚
1482 339 1574 404 ejus

143 416 333 471 carmina
357 417 403 466 in
429 415 624 466 italicum
646 436 890 467 sermonem
914 417 1000 466 sibi
1035 416 1230 466 converti
1261 417 1420 482 jussit,
1451 418 1574 466 arbi—

144 506 411 552 tratuseum
429 494 563 551 latine
595 514 687 545 non
721 494 917 545 locutum
955 514 1051 544 esse
1074 496 1185 553 iac,
1224 493 1398 562 quoties
1421 495 1487 544 ¹de
1521 514 1574 544 eo

142 588 289 623 sermo
304 571 543 630 inciderat,
566 571 628 623 ita
649 571 704 621 de
721 592 774 621 eo
788 609 800 631 ,
821 573 1149 623 utder-barbar‘o
1169 573 1321 640 aliquo
1338 610 1349 631 ‚
1367 584 1412 622 et
1431 571 1578 621 latinae

143 650 308 715 linguai
327 651 535 719 imperito
549 689 562 710 ‚
585 650 869 718 loquebatur.
891 653 1039 716 Quem
1056 651 1130 702 alii
1149 653 1328 720 quidam
1344 652 1483 700 secuti
1501 689 1512 710 ‚
1534 653 1581 700 in

142 730 503 798 ‘gravissimorum
534 730 982 797 doctissimorumque
1010 730 1243 779 hominum
1269 726 1458 779 'aculeos
1487 746 1579 778 me-

144 801 234 856 rito
257 808 519 858 inciderunt.
547 808 640 872 Qui
663 808 806 866 enim,
829 815 1004 874 quaeso,
1029 820 1182 859 snmus
1203 827 1289 857 nos
1305 846 1317 867 ‚
1341 820 1417 866 ut,v
1441 827 1580 875 quum

146 885 200 936 de
221 885 350 936 latini
374 885 589 941 sermonis
610 886 862 948 integritate
884 899 930 935 et
956 886 1171 950 elegantia
1201 887 1373 949 agitur,
1393 898 1483 934 tam
1503 906 1580 935 su-

146 963 286 1030 perbe
306 963 522 1029 judicium
546 963 598 1011 de
620 963 816 1030 antiquis
835 962 1129 1030 scriptoribus
1148 963 1287 1013 facere
1310 963 1546 1012 audeamus
1564 964 1584 1011 ?

148 1042 337 1100 Multa..
357 1043 597 1110 inquiunt.)
621 1042 846 1093 innovavit
870 1043 1086 1101 Ovidius,
1118 1042 1290 1092 multas'
1315 1058 1444 1093 voces
1475 1063 1584 1092 con-

148 1120 304 1179 finxit,
331 1121 497 1188 quibus
521 1122 772 1190 superiores
791 1121 862 1170 usi
886 1141 981 1170 non
1005 1133 1141 1170 erant.
1162 1121 1292 1170 Unde
1315 1122 1426 1179 seis,
1461 1121 1584 1188 quis-

151 1198 253 1265 quis
275 1216 348 1257 (τε,
373 1199 596 1255 innovarit
618 1219 668 1249 ea
683 1238 695 1258 ‚
716 1219 772 1248 an
795 1218 818 1247 e
841 1199 1163 1248 vetustioribus
1180 1237 1192 1255 ‚
1218 1217 1330 1265 quos
1354 1217 1474 1246 nunc
1494 1217 1587 1246 non

149 1277 392 1334 habemus,
414 1267 755 1344 ipsehabebat,
783 1277 1032 1344 acceperit?
1061 1277 1370 1343 Quisquamne
1392 1289 1589 1326 veterum

149 1354 408 1404 criticorum
444 1353 655 1406 Ovidium
690 1358 887 1422 unq-uam
903 1392 915 1413 ‚
942 1361 1150 1422 tanquam
1180 1371 1337 1422 parum
1361 1355 1497 1404 latine
1521 1356 1588 1404 lo—

143 1444 304 1483 cutum
326 1433 498 1482 notavit
514 1434 618 1482 ?1At
642 1433 716 1482 isti
739 1433 917 1483 delicias
951 1434 1151 1486 faciunt:
1192 1446 1238 1482 et
1272 1452 1423 1482 vocem
1453 1434 1589 1482 ullam

151 1524 315 1577 negant
337 1501 383 1568 se
403 1512 515 1563 serre
541 1531 698 1579 posse,
723 1532 821 1580 quae
841 1509 1214 1570 non-in,.Catulli‚'
1236 1511 1459 1569 Lucretii,
1486 1513 1586 1560 Vir-

153 1589 271 1653 gilii,
295 1590 469 1641 Tibulli
486 1600 507 1649 ,ῖ
522 1603 834 1658 εῑ,Ρ3ιιοοι“ιιιιι
853 1592 1085 1658 praeterea,
1108 1585 1308 1640 versibus
1329 1582 1586 1658 reperiatur.

154 1669 342 1733 Quanto
358 1669 623 1722 satius'esset
637 1668 696 1728 ,ab
713 1672 937 1729 μάχεσθαι,
957 1666 1373 1736 utaitThucydides
1390 1709 1400 1726 ‚
1417 1670 1587 1729 τῷπολ-

154 1748 218 1806 λό
236 1750 378 1812 χρόνῳ,
410 1759 453 1795 et
473 1758 628 1798 eorum
649 1748 903 1797 auctoritati
937 1749 1212 1816 acquiescere
1229 1788 1242 1807 ,
1267 1761 1457 1815 quorum
1482 1769 1589 1797 mu-

155 1826 297 1876 liones
312 1825 469 1875 melius
488 1847 536 1876 ac
556 1828 717 1876 certius
732 1866 744 1886 ‚
771 1847 902 1894 quam
925 1847 1010 1876 nos
1024 1866 1035 1885 ‚
1062 1828 1115 1876 de
1138 1828 1278 1876 latino
1305 1847 1506 1876 sermone
1521 1829 1590 1893 ju-

157 1903 301 1952 dicare
327 1915 544 1970 poterant.
575 1905 749 1953 Ponam
781 1905 984 1971 equidem
1012 1905 1120 1971 quid
1145 1905 1197 1953 de
1220 1904 1383 1953 Ovidio
1411 1906 1597 1953 senserit

157 1980 394 2030 historicus
407 1982 616 2063 optimus,
636 1985 684 2032 C.
704 1983 900 2032 Velleius
919 1982 1281 2040 Paterculus‚lib.
1298 1984 1342 2030 II
1362 2000 1372 2027 :
1395 2005 1418 2025 «
1444 1983 1594 2041 Paene,

164 2059 387 2126 »inquit‚
414 2060 550 2109 stulta
584 2060 654 2110 est
683 2061 991 2112 inhaerentium
1017 2061 1159 2110 oculis
1183 2054 1462 2150 ingeniorum
1494 2080 1600 2109 enu-

165 2161 188 2181 »
216 2138 428 2198 metatio,
441 2139 557 2190 inter
567 2159 698 2211 quae
687 2141 878 2190 maxime
893 2141 1038 2199 nostri
1052 2141 1131 2190 aevi
1148 2141 1367 2198 eminent,
1390 2141 1599 2208 princeps

166 2241 189 2260 υ
220 2217 462 2266 carminum
487 2207 734 2280 Virgilius,
767 2219 1096 2286 Rabiriusque‚
1127 2231 1171 2267 et
1204 2231 1469 2268 consecutus
1505 2219 1603 2267 Sal-

168 2318 191 2338 »
219 2295 403 2345 lustium
440 2296 615 2352 Livius,
647 2296 946 2364 Tibullusque
983 2309 1026 2346 et
1057 2299 1177 2346 Naso
1210 2297 1567 2364 perfectissimi
1556 2316 1603 2345 in

168 2394 191 2413 >v
218 2371 363 2421 forma
386 2372 535 2439 operis
561 2372 644 2420 sui.
669 2395 692 2415 n
715 2374 822 2437 Quo
841 2373 910 2422 vel
928 2393 1020 2422 uno
1039 2374 1298 2422 testimonio
1319 2392 1394 2421 eos
1413 2412 1424 2431 ‚
1447 2373 1523 2439 qui
1542 2373 1603 2421 ita

167 2449 320 2498 acerbe
345 2469 394 2499 ac
429 2449 681 2517 petulanter
714 2440 762 2499 in
790 2451 937 2517 ipsum
958 2451 1123 2517 invecti
1157 2464 1283 2509 sunt,
1311 2471 1454 2517 neque
1478 2469 1602 2506 vere,

166 2543 314 2593 neque
338 2526 506 2580 sincere
521 2565 534 2584 ‚
560 2527 644 2579 sed·
662 2546 713 2577 ex
735 2527 910 2578 adfectu
933 2536 984 2578 a'c
1001 2528 1189 2577 libidine
1207 2528 1383 2577 locutos
1407 2546 1523 2586 esse,
1548 2527 1606 2575 si-

168 2605 353 2672 mulque
378 2606 597 2658 inscitiam
619 2607 877 2675 patefecisse
903 2627 1069 2666 suarm·
1090 2607 1215 2665 facile
1245 2607 1490 2671 intelligere
1525 2619 1605 2656 est.

171 2683 219 2732 Si
240 2685 342 2751 quis
364 2704 466 2734 vero
502 2705 617 2753 opus
653 2686 740 2735 hoc
779 2685 1015 2750 diligenter
1037 2687 1269 2755 inspiciat,
1295 2688 1485 2755 reperiet
1505 2707 1614 2754 pro-

154 2765 286 2815 -fecto
315 2779 479 2816 tantam
517 2780 694 2834 tamque
728 2768 1031 2818 admirabilem
1061 2769 1235 2828 dicendi
1270 2770 1445 2835 copiam
1478 2780 1612 2834 atque
