1794 3100
270 267 328 321 84
629 272 681 314 Ρ.
735 271 979 317 OVIDII
1019 275 1321 322 NASONIS

486 368 621 413 Ecquid
639 376 807 415 praeterea
824 372 997 417 peccarim
1010 400 1019 418 ,
1041 387 1197 419 quaerere
1213 377 1304 421 noli,

530 428 581 463 Ut
598 436 713 475 pateat
727 430 799 465 sola
818 431 916 477 culpa
935 433 998 468 sub
1017 433 1105 469 Arte
1122 449 1210 470 mea.

267 517 484 566 Exsulans
507 530 652 567 autem
671 518 717 567 in
736 519 846 570 locis
865 522 1114 588 asperrimis
1141 537 1184 573 et
1203 525 1556 591 perinhumanis‚
1579 547 1692 596 saepe

266 608 317 645 ut
332 595 483 646 saltem
497 596 542 644 in
557 597 774 646 mitiorem
792 598 939 656 locum
957 600 1223 663 relegaretur
1235 640 1246 660 ‚
1267 602 1415 669 petiit3
1443 623 1691 672 quanquam

263 674 330 722 vel
352 675 521 723 veniam
540 674 874 740 impetraturum
894 696 938 725 se
961 678 1017 726 ab
1041 679 1310 745 Imperatore
1333 681 1540 747 sperabat
1558 702 1568 731 ε
1590 702 1689 749 qua-

262 763 458 817 propter,
480 771 532 799 eo
554 763 734 800 mortuo
750 790 762 811 ,
786 753 832 800 in
856 755 919 801 IV
946 754 999 803 de
1026 756 1197 815 Ponto,
1218 757 1288 806 El.
1313 770 1391 817 Vt,
1415 759 1476 807 sic
1495 759 1618 808 dolet
1638 779 1647 807 ε

479 855 644 901 Coeperat
664 856 840 902 Augustus
857 858 1009 905 deceptae
1025 859 1202 906 ignoscere
1220 862 1328 908 culpae
1342 877 1351 906 ;

521 916 630 962 Spem
648 924 804 952 nostram
818 944 826 961 ,
845 925 954 954 terras
968 919 1190 967 deseruitque
1207 922 1320 958 simul.

479 976 594 1021 Quale
614 983 732 1011 tamen
747 978 867 1022 potui,
886 979 928 1013 de
946 979 1070 1022 caelite,
1091 982 1200 1016 Brute
1215 1008 1224 1026 ,
1242 983 1376 1017 recenti

521 1037 646 1070 Vestra
661 1037 782 1082 procul
799 1038 929 1082 positus
946 1052 1087 1074 carmen
1104 1041 1140 1074 in
1160 1054 1220 1076 ora
1238 1041 1332 1076 dedi.

476 1095 568 1140 Quae
589 1096 697 1140 prosit
713 1097 821 1142 pietas
836 1098 972 1133 utinam
990 1099 1098 1143 mihi,
1116 1101 1229 1147 sitque
1246 1103 1420 1138 malorum
1439 1107 1442 1109 ’

517 1156 599 1191 Jam
614 1157 739 1192 modus
752 1184 762 1202 ,
780 1165 815 1193 et
831 1172 936 1195 sacrae
952 1160 1073 1196 mitior
1087 1161 1138 1196 ira
1153 1162 1279 1198 domus
1297 1165 1304 1198 l

255 1252 300 1289 et
322 1239 369 1287 in
403 1240 555 1288 eodem
570 1279 582 1300 ‚
617 1242 808 1308 Epistol.
845 1256 918 1302 IX,
942 1264 1107 1293 numen
1129 1247 1324 1310 Augusti
1346 1261 1498 1311 rogat,
1524 1261 1572 1298 ut
1595 1251 1681 1299 sibi

255 1318 537 1381 ignoscatur3
562 1320 803 1384 praesertim
828 1340 965 1386 quum
987 1321 1040 1370 de
1064 1322 1142 1370 illo
1159 1342 1276 1372 novo
1298 1326 1394 1373 Deo
1416 1325 1532 1375 facto
1554 1326 1681 1376 libel-

254 1394 347 1443 lum
372 1395 599 1461 scripserit
622 1415 631 1442 ε
658 1396 720 1444 ait
742 1397 858 1444 enim
883 1418 892 1444 :

471 1499 528 1533 Tu
545 1505 640 1533 certe
660 1499 723 1534 scis
738 1499 811 1535 haec
823 1526 833 1543 ,
851 1500 984 1546 superis
1000 1501 1125 1537 adscite
1140 1529 1148 1546 ,
1168 1502 1332 1548 videsque
1347 1530 1356 1548 ,

520 1559 639 1595 Caesar
651 1588 660 1605 ,
681 1567 720 1595 ut
735 1568 785 1596 est
802 1562 908 1596 oculis
924 1562 1060 1598 subdita
1076 1571 1168 1599 terra
1185 1565 1261 1600 tuis.

471 1621 528 1655 Tu
543 1627 679 1656 nostras
696 1622 792 1656 audis
809 1623 903 1658 inter
919 1636 1071 1659 convexa
1086 1626 1216 1661 locatus

518 1681 641 1716 Sidera
654 1708 663 1725 ,
681 1682 827 1717 sollicito
846 1696 930 1728 quas
949 1683 1073 1719 damus
1088 1698 1147 1720 ore
1166 1699 1294 1731 preces.

473 1741 689 1776 Pervenient
705 1741 786 1777 illuc
801 1750 835 1777 et
854 1744 1009 1779 carmina
1027 1746 1171 1780 forsitan
1187 1746 1241 1781 illa
1254 1773 1263 1791 ,

516 1801 610 1846 Quoe
625 1801 667 1836 de
684 1809 717 1836 te
734 1803 850 1848 scripsi
868 1804 975 1839 caelite
990 1804 1079 1840 sacta
1095 1806 1198 1839 no'vo.

470 1862 637 1907 Auguror
651 1862 704 1897 his
719 1862 826 1908 igitur
842 1863 935 1898 flecti
951 1872 1011 1899 tua
1026 1866 1172 1900 numina
1186 1879 1194 1900 :
1211 1879 1275 1902 nec
1291 1873 1328 1910 tu

513 1923 699 1958 Immerito
716 1936 848 1959 nomen
867 1925 950 1959 mite
971 1927 1124 1970 parentis
1141 1926 1256 1960 habes.

253 1993 439 2073 Scripsit
464 2019 564 2055 ante
599 2007 800 2055 exsilium
830 2009 1075 2057 Heroidum
1100 2009 1305 2075 epistolas
1336 2009 1579 2077 plurimas;
1621 2014 1672 2062 de

250 2083 491 2133 Amorib'us
514 2085 569 2131 ad
595 2085 835 2133 Corinnam
861 2084 1001 2134 libros
1029 2087 1084 2143 V,
1109 2105 1222 2152 quos
1244 2098 1396 2152 postea
1420 2087 1670 2152 diligentius

248 2163 499 2225 recognitos
522 2163 569 2210 in
594 2174 681 2210 tres
708 2164 900 2227 redegit3
925 2162 1048 2230 quod
1069 2164 1131 2212 sic
1154 2165 1247 2232 ipse
1277 2166 1363 2214 inI
1384 2170 1635 2218 eorumdem
1658 2190 1666 2217 :

464 2266 539 2311 Qui
555 2246 662 2301 modo
677 2267 825 2302 Nasonis
841 2267 1020 2302 fueramus
1035 2269 1189 2313 quinque
1205 2269 1309 2304 libelli
1323 2296 1332 2313 ,

507 2328 595 2363 Tres
611 2341 732 2363 sumus
745 2342 753 2363 ι
769 2328 835 2364 hoc
849 2328 897 2363 illi
912 2329 1062 2374 praetulit
1077 2337 1196 2365 auctor
1211 2341 1307 2376 opus.

247 2415 314 2461 De
336 2410 444 2460 Arte
466 2411 654 2460 Amandi
667 2448 680 2468 ‚
704 2411 846 2460 libros
857 2424 979 2470 .tres;
1001 2412 1052 2461 de
1071 2414 1287 2462 Remedio
1303 2415 1500 2474 Amoris,
1521 2415 1663 2466 libros

248 2489 359 2537 duos
385 2508 395 2544 ;
427 2489 864 2537 Transmutationum
898 2488 1038 2537 libros
1076 2490 1324 2556 quindecim
1347 2511 1357 2538 :
1384 2511 1499 2557 quos
1519 2531 1530 2553 ‚
1563 2494 1665 2559 quia

237 2583 348 2626 non,
361 2564 685 2622 emendaverat,
711 2577 805 2613 tum
826 2565 986 2622 iratus,
1009 2577 1061 2613 ut
1082 2566 1175 2631 ipse
1199 2566 1284 2622 ait,
1310 2567 1482 2626 studio,
1507 2570 1663 2616 carmi-

246 2640 467 2706 nibusque
487 2642 600 2699 suis,
628 2661 761 2707 quum
780 2643 948 2690 Tomos
976 2641 1264 2704 relegaretur,
1287 2663 1363 2691 sua
1386 2664 1518 2693 manu
1541 2663 1662 2694 com-

246 2719 415 2776 bussit,
439 2737 538 2768 cum
560 2717 654 2766 aliis
677 2719 941 2783 quibusdam
962 2718 1211 2784 placituris3
1229 2720 1304 2767 sed
1329 2722 1434 2787 quia
1455 2723 1661 2788 exscripti
