1794 3100
604 212 734 257 PER
769 213 812 256 J.
855 211 1160 257 MASSON.
1519 214 1595 257 181

174 332 197 354 »
222 318 344 358 retur
367 326 521 365 mane3
546 307 669 374 quod
694 319 799 355 tune
824 307 970 356 tribus
993 318 1096 355 ante
1118 305 1269 355 Solem
1295 317 1439 355 ortum
1454 345 1466 365 ,
1492 307 1604 356 dua·

173 409 199 431 >³
222 387 311 436 hus
338 399 439 436 ante
474 386 690 436 Auroram
723 385 850 434 horis
876 387 957 450 (ut
978 386 1144 434 ibidem
1167 384 1418 446 indicatur)
1440 385 1607 433 factum

177 487 199 508 »
224 464 357 532 plane
377 465 562 515 videtur.
600 465 806 531 Denique
831 483 968 531 quum
992 464 1150 512 Tomos
1174 480 1326 512 versus
1355 462 1605 524 navigaret,

176 565 200 586 »
227 543 338 592 mari
362 562 407 592 se
425 543 637 609 jactatum
661 562 793 591 'nense
811 543 899 608 jam
917 542 1160 597 Decembri,
1189 542 1347 590 diserte
1373 541 1489 589 canit
1505 541 1608 590 Ele-

177 642 200 662 »
227 620 299 684 gia
320 619 515 686 ejusdem
542 619 647 668 libri
672 620 852 668 decima.
881 620 1073 668 Prorsus
1095 631 1146 667 ut
1173 617 1364 667 Ovidius
1387 618 1616 667 Novembri

177 720 201 741 ω
227 699 530 766 praecipitante
553 737 565 757 ,
600 700 744 747 Roma
777 697 1063 757 discesserit,
1100 710 1194 746 tum
1227 697 1483 746 Brundusio
1519 698 1612 744 De-

178 798 201 819 »
227 777 379 826 cembri
398 777 592 827 solverit.
616 800 639 821 »

239 856 406 904 Verum
419 893 432 915 ,
447 867 606 920 nostro
623 855 801 923 quidem
811 855 1001 922 judicio,
1021 855 1216 904 Nasonis
1234 854 1366 903 verba
1379 893 1390 913 ,
1411 854 1464 902 de
1483 855 1611 902 Luna

175 943 390 982 nocturnos
411 934 500 982 alta
520 944 676 1000 regente
693 954 837 1001 equos,
865 953 959 982 non
977 933 1087 982 adeo
1104 932 1218 982 clara
1244 945 1375 991 sunt,
1401 932 1510 999 quin
1533 951 1613 998 per

179 1029 227 1060 ea
242 1010 374 1061 liceat
394 1013 640 1063 existimare
652 1052 664 1071 ,
689 1025 867 1080 poetam
886 1014 1029 1062 Roma
1045 1024 1139 1062 ante
1151 1053 1163 1069 ,
1191 1032 1313 1079 aeque
1326 1031 1376 1061 ac
1386 1022 1503 1079 post,
1519 1011 1613 1077 ple-

178 1090 377 1139 nilunium
407 1091 583 1140 abiisse.
626 1091 800 1140 Deinde
831 1111 969 1158 quum
991 1092 1175 1141 nonnisi
1208 1091 1356 1140 decem
1381 1091 1615 1139 minimum

179 1166 335 1218 diebus
357 1180 504 1236 petere
527 1169 819 1218 Brundisium
837 1168 1056 1235 potuerit,
1083 1181 1215 1236 atque
1231 1169 1400 1217 ibidem
1422 1167 1615 1235 aliquam

181 1246 322 1295 facere
345 1265 511 1296 moram
525 1285 538 1305 ,
562 1247 702 1296 donec
723 1260 882 1296 ventus
904 1248 1177 1310 navigationi
1198 1247 1387 1304 faveret3
1411 1246 1513 1295 ideo
1536 1265 1618 1313 po-

184 1323 270 1372 tuit
298 1324 428 1372 etiam
454 1323 646 1373 Ovidius
674 1323 743 1373 vel
776 1324 953 1374 labente
991 1323 1185 1381 Octobri,
1213 1324 1281 1372 vel
1308 1325 1486 1372 ineunte
1522 1325 1621 1373 No-

185 1400 336 1449 vembri
366 1401 522 1449 Romae
552 1400 809 1451 valedicere.
840 1402 957 1451 Satis
990 1401 1130 1465 igitur
1162 1402 1240 1459 sit,
1266 1412 1387 1449 certo
1419 1400 1620 1456 novisse,

185 1498 282 1528 eum
308 1498 457 1528 mense
477 1479 740 1529 Decembri
728 1499 814 1545 Jam
843 1480 987 1529 navim
1019 1479 1290 1537 ascendisse,
1313 1498 1363 1548 ac
1386 1478 1433 1526 in
1462 1478 1624 1526 Adria-

186 1554 275 1603 tico
307 1555 418 1604 mari
450 1543 622 1614 fuisse3
655 1569 789 1624 atque
830 1557 912 1606 sub
946 1557 1134 1605 autumni
1160 1555 1293 1604 finem
1318 1593 1330 1613 ,
1374 1554 1441 1603 vel
1472 1555 1623 1624 hyemis

184 1635 361 1684 initium
384 1636 432 1684 in
452 1636 652 1697 exsilium
676 1637 818 1704 patria
842 1635 1035 1704 pulsum.

248 1713 330 1761 III.
351 1712 533 1762 Annum
554 1713 679 1779 quod
704 1714 886 1771 attinet,
914 1733 1013 1761 eum
1039 1713 1328 1780 sequentibus
1349 1712 1622 1775 argumentis

185 1791 441 1850 definimus,
468 1793 635 1859 quibus
658 1793 785 1841 etiam
819 1793 870 1840 cl
898 1793 1106 1841 Norisius
1130 1792 1183 1841 ad
1210 1812 1333 1841 suam
1364 1792 1622 1859 opinionem

187 1871 529 1933 confirmandam
554 1872 721 1920 abusus
745 1883 825 1921 est.
852 1871 1048 1919 Primum
1074 1891 1126 1919 ex
1158 1872 1289 1919 Pont.
1323 1870 1400 1919 lib.
1431 1873 1511 1929 lV,
1535 1873 1620 1938 Ep.

188 1961 265 2007 Vl,
292 1949 557 2008 desumitur,
581 1950 661 1998 ubi
687 1962 807 1999 vates
843 1950 977 1998 Fabii
995 1948 1186 1997 Maximi
1216 1968 1265 1997 ac
1300 1949 1490 2015 Augusti
1512 1968 1627 1998 mor-

193 2039 278 2076 tem
305 2026 568 2094 deplorans,
593 2027 656 2076 ait
675 2046 786 2076 vers.
817 2027 845 2074 5
869 2039 913 2076 et
936 2027 965 2074 6
986 2047 996 2075 z

410 2118 451 2153 In
470 2118 611 2165 Scythia
628 2119 728 2154 nobis
742 2122 962 2165 quinquennis
994 2120 1169 2165 Olympias
1182 2126 1255 2155 acta
1272 2127 1322 2154 est
1337 2134 1344 2160 ;

454 2179 535 2213 Jam
553 2186 692 2225 tempus
707 2183 811 2215 lustri
821 2181 945 2216 transit
962 2181 999 2215 in
1014 2184 1163 2215 alterius.

196 2282 218 2302 «
246 2258 319 2307 llli
341 2278 444 2307 vero
460 2296 472 2316 ‚
498 2270 627 2307 notat
649 2259 1022 2308 eminentissimus
1043 2259 1117 2307 ille
1138 2260 1228 2317 vir,
1257 2279 1279 2307 e.
1301 2260 1390 2307 vita
1414 2260 1630 2308 discesse-

197 2363 220 2383 »
246 2350 355 2388 runt
378 2357 498 2387 anno
519 2341 576 2387 U.
600 2339 650 2387 C.
678 2351 926 2397 DCCLXVII,
952 2360 1041 2406 quo
1066 2340 1259 2396 Ovidius,
1290 2351 1390 2387 ante
1414 2350 1516 2387 octo
1540 2340 1630 2387 fere

197 2441 218 2460 »
246 2437 441 2477 menses,
464 2418 634 2466 lustrum
656 2417 702 2464 in
728 2417 884 2466 exsilio
908 2418 1182 2485 expleverat:
1208 2421 1370 2468 etenim
1396 2419 1631 2487 Olympia·-

197 2521 218 2542 »
248 2498 348 2548 dem
369 2517 454 2565 pro
473 2499 680 2546 Romano
702 2495 844 2545 lustro
867 2497 1090 2562 intelligit.
1118 2523 1138 2541 »

260 2575 436 2625 Scilicet
457 2577 675 2643 Augustus
706 2589 788 2624 XIX
819 2575 998 2624 Sextilis
1024 2575 1095 2624 die
1128 2575 1264 2634 obiit;
1291 2596 1340 2623 ac
1368 2576 1557 2643 proinde
1594 2578 1631 2625 si

197 2659 318 2705 Naso
340 2656 387 2704 in
420 2655 622 2704 exsilium
650 2654 810 2703 abierit
843 2673 961 2702 anno
991 2656 1047 2701 U.
1089 2654 1138 2702 C.
1177 2666 1346 2703 DCCLXI
1374 2673 1522 2703 mense
1548 2656 1634 2703 De-

199 2733 362 2783 cembri
376 2772 387 2793 ,
413 2747 464 2783 ut
481 2733 533 2782 cl.
555 2734 623 2782 vir
638 2745 810 2792 censet,
837 2744 931 2781 tum
950 2743 1082 2800 poeta
1103 2732 1272 2782 lustrum
1297 2733 1536 2799 expleverit
1554 2733 1638 2781 De-
