1794 3100
242 249 325 275 212
675 234 726 275 P.
764 232 1002 276 OVIDII
1035 232 1217 276 VITA.

462 325 616 370 Tem’pus
633 324 676 358 ad
695 323 760 358 hoc
771 350 780 367 ‚
800 323 914 359 lustris
929 324 999 369 jam
1013 324 1064 360 bis
1079 325 1166 360 mihi
1183 325 1335 371 quinque
1353 311 1497 371 peractis
1510 352 1520 371 ,

503 384 622 419 Omne
640 383 704 418 fuit
721 385 835 419 Musae
849 397 991 420 carmen
1006 386 1141 421 inerme
1158 397 1245 420 meae
1258 411 1267 429 ,
1281 393 1346 421 etc.

241 464 402 530 quibus
423 474 591 510 aetatem
627 461 825 526 designat
844 500 856 520 ‚
883 482 967 529 qua
997 462 1082 510 fuit
1103 461 1374 511 in'exsilium
1395 463 1659 534 missusfut
1697 453 1711 475 ‘f

240 541 294 589 ad
317 540 588 606 superiorem
606 558 769 587 annum
793 540 1086 605 exposuimus.

305 617 380 663 VI.
410 617 563 679 Quum
588 616 672 664 hoc
703 636 819 664 anno
841 617 1045 665 Tiberius
1068 616 1194 664 oedem
1226 616 1464 665 Concordioe
1485 617 1660 666 dedica-—

239 695 373 751 verit,
402 695 591 760 inscrzjvto
615 714 687 743 suo
708 705 748 742 et
749 695 900 760 fmtris
924 695 1084 751 Drusi,
1116 696 1205 743 vita
1218 695 1378 761 pridem
1384 695 1528 758 fimcti
1535 735 1548 752 ‚
1583 716 1659 745 no—

239 773 366 829 mine,
391 773 514 837 juxta
534 773 695 821 Diouis
721 780 731 798 ¹
760 773 1084 830 testimonium;
1111 769 1243 839 atque
1263 774 1450 822 Ovidius
1471 774 1659 838 ejusdem

239 847 341 895 oedis
354 887 365 903 ,
391 867 469 896 ceu
481 848 568 913 jam
583 860 844 896 consecratae
857 885 868 905 ‚
885 848 1131 896 meminerit
1146 849 1200 896 ad
1219 861 1302 896 XVI
1314 850 1511 898 Januarii
1523 849 1658 908 diem,

238 926 363 973 Fast.
391 925 471 973 lib.
500 927 546 982 l,
574 944 683 973 vers.
712 924 956 990 637-65o;
983 926 1085 973 hinc
1111 926 1270 973 iterum
1298 925 1438 990 liquet
1458 944 1579 974 error
1605 926 1657 975 cl.

238 1002 444 1050 Bucherii
462 1041 473 1060 ,
510 1002 797 1050 existimantis
818 1002 972 1048 Fastos
1003 994 1118 1048 anno
1153 1003 1208 1049 U.
1247 1002 1296 1050 C.
1322 1013 1491 1050 DCCLIX
1519 1002 1661 1051 editos

240 1079 391 1127 fuisse.

302 1159 397 1204 Hac
421 1157 647 1204 occasione
673 1156 771 1204 data
801 1174 1118 1221 supervacuum
1138 1175 1230 1203 non
1255 1155 1354 1213 erit,
1380 1156 1579 1205 Suetonii
1595 1156 1661 1206 lo-

244 1253 343 1283 cum
381 1233 433 1281 de
468 1233 595 1282 istius
621 1232 773 1299 templi
799 1232 1068 1280 dedicatione
1104 1244 1302 1295 agentem
1338 1232 1576 1291 elucidare,
1602 1235 1659 1283 si-

242 1311 420 1377 quidem
445 1310 710 1358 doctissimis
737 1310 840 1358 viris
864 1330 1010 1360 ansam
1042 1309 1213 1358 errandi
1242 1309 1442 1376 praebuit.
1486 1309 1662 1359 Scilicet

239 1388 480 1435 historicus
502 1386 575 1434 ille
597 1406 734 1452 quum
758 1399 976 1435 narrasset
1004 1394 1043 1444 ²,
1069 1387 1296 1435 Tiberium
1322 1406 1350 1434 a
1377 1383 1597 1440 Gei'm'am'a
1619 1387 1660 1435 in

240 1466 377 1514 urbem
391 1475 488 1531 post
502 1465 701 1513 biennium
724 1484 939 1530 regressum
961 1505 970 1519 ‚
996 1464 1239 1530 triumphum
1257 1458 1282 1521 ,”
1296 1484 1409 1532 quem
1426 1465 1654 1521 distulerat,

241 1544 386 1608 egiss&
411 1542 532 1590 addit
554 1542 669 1589 inter
691 1560 737 1588 ea
756 1579 767 1598 ‚
789 1561 884 1607 quae
905 1541 1113 1589 Tiberius
1135 1553 1240 1606 post
1261 1541 1508 1607 perfecerit,
1527 1552 1571 1589 et
1588 1541 1663 1590 de-

240 1619 504 1667 dicationem
531 1618 774 1666 Concordz'oe
806 1618 932 1674 oedis,
969 1618 1073 1665 item
1091 1618 1275 1666 Pollucis
1302 1627 1342 1665 et
1366 1617 1545 1666 Castoris
1562 1657 1575 1674 ,
1619 1631 1663 1666 et

242 1696 418 1762 quidem
445 1695 495 1743 de
524 1695 734 1743 ιηαηιιῦὴῖς.
776 1695 900 1742 Unde
924 1708 1180 1761 sequeretur
1202 1714 1285 1761 pro
1307 1694 1506 1743 Suetonii
1527 1695 1663 1742 ratio-

240 1773 400 1831 nibus,
425 1785 655 1839 utramque
677 1771 815 1831 ¹cedem
843 1791 958 1819 anno
990 1772 1247 1822 citissimum
1274 1774 1327 1820 U.
1360 1773 1408 1820 C.
1446 1784 1661 1830 DCCLXV‚

243 1870 331 1915 quo
354 1851 604 1916 triumphus
627 1848 702 1897 ille
727 1849 886 1897 ductus
903 1887 914 1907 ‚
939 1849 1178 1897 dedicatam
1215 1849 1362 1897 fuisse.
1402 1849 1524 1897 Idem
1550 1849 1663 1897 forte

245 1929 343 1994 quis
364 1940 541 1992 putaret
561 1947 613 1976 ex
628 1929 791 1975 Nostro
811 1926 1070 1982 confirmari,
1086 1946 1219 1992 quum
1238 1927 1414 1974 recitata
1437 1945 1564 1974 causa
1587 1945 1663 1974 cur

244 2006 435 2071 primurn
454 2024 479 2051 a
502 2005 635 2052 Furio
656 2016 805 2052 votum
824 2002 957 2050 fuerit
976 2001 1215 2050 Concordiae
1234 2002 1457 2069 templum,
1473 2022 1576 2050 mox
1589 2022 1661 2050 ex-

244 2100 414 2148 ponens
446 2081 730 2146 quamobrem
764 2080 922 2127 iterum
946 2099 970 2126 a
993 2078 1173 2152 Tiberio
1210 2079 1268 2126 sit
1300 2079 1411 2128 aedes
1431 2079 1534 2128 huic
1559 2080 1662 2128 Deae.

247 2169 494 2207 consecrata
509 2195 520 2214 ‚
547 2158 610 2204 sic
633 2169 784 2214 canat,
809 2175 917 2204 vers.
946 2155 1158 2215 645-650
1179 2175 1189 2202 :

463 2254 577 2289 Causa
594 2267 707 2288 recens
722 2254 847 2288 melion·
864 2267 871 2288 z
887 2266 1000 2299 passos
1019 2255 1202 2288 Germania
1219 2252 1331 2290 crines

508 2310 658 2354 Porrigit
675 2310 830 2354 auspiciis
845 2336 853 2353 ,
873 2309 940 2343 dux
957 2309 1154 2343 venerande
1169 2336 1178 2352 ‚
1197 2309 1273 2343 tuis.

463 2367 551 2403 Inde
568 2368 775 2410 triumphata
789 2366 898 2400 libasti
913 2379 1045 2400 munera
1058 2364 1191 2408 gentis&

512 2422 866 2466 Templaquefi’celrtl‘,
885 2433 987 2466 quarn
1003 2421 1085 2455 colis
1101 2422 1171 2465 ipse
1187 2446 1196 2463 ,
1213 2420 1308 2454 Deae.

460 2478 545 2512 Haec
562 2484 621 2511 tua
636 2476 814 2511 constituit
828 2480 979 2520 genetu’z
997 2475 1011 2496 ³
1027 2483 1060 2510 et
1081 2477 1182 2510 rebus
1197 2482 1232 2510 et
1249 2488 1306 2510 ara
1322 2502 1331 2518 ‚

507 2534 588 2568 Sola
605 2541 681 2567 toro
698 2533 817 2578 magni
833 2532 937 2577 digna
953 2538 1089 2577 reperta
1106 2530 1212 2565 Jo'vis.

286 2616 297 2634 ι
323 2611 518 2653 Lib.LV1‚
546 2601 621 2656 pag.
641 2610 715 2644 585.

288 2675 302 2694 ²
327 2672 473 2707 sueton.
489 2672 524 2705 in
541 2671 619 2705 Tib.
635 2683 706 2715 cap.
724 2683 777 2704 20.

287 2730 301 2752 ³
323 2731 417 2766 Livia
434 2743 561 2775 nempe
581 2731 736 2774 Augusto
750 2736 857 2774 nupta
871 2755 879 2773 ,
898 2728 1098 2772 Tiberiique
1115 2734 1227 2763 mater
1241 2754 1249 2770 ‚
1267 2728 1310 2763 de
1324 2741 1390 2773 qua
1406 2729 1545 2771 Noster,
1558 2727 1659 2762 Trist.

735 2783 770 2813 Χ
