1794 3100
225 267 312 309 230
663 263 714 305 P.
749 262 990 306 OVIDH
1024 261 1208 304 VITA

222 358 295 406 ille
312 356 443 405 nobis
459 356 639 405 omuino
670 354 865 411 videtur,
889 354 1007 420 quod
1031 353 1109 401 lib.
1132 354 1225 400 Iex
1244 352 1376 400 Pont.
1403 351 1550 419 Epist.
1574 347 1643 409 fl„

224 436 278 484 ad
296 436 441 502 ipsum
457 434 639 482 Fabium
659 433 845 491 scribat,
869 451 978 481 vers.
1012 430 1099 479 133
1118 451 1204 499 sqq
1223 436 1260 479 τ’

441 532 502 568 llle
521 544 586 576 ego
603 531 662 576 qui
678 533 760 566 duxi
770 539 901 567 vestros
919 534 1120 578 Hymenaeon
1135 530 1176 566 ad
1192 531 1288 576 ignes
1299 556 1310 573 ,

409 616 418 627 ,
481 587 528 621 Et
543 589 654 620 cecini
664 587 776 622 fausto
790 589 941 621 carmina
957 585 1060 631 digna
1079 593 1164 620 toro.

447 641 559 686 Cujus
577 650 609 677 te
625 642 764 678 solitum
781 635 927 694 memini
947 642 1087 677 laudare
1105 641 1236 676 libellos
1250 669 1260 684 ,

489 698 648 744 Exceptis
666 697 810 732 domino
825 698 883 743 qui
899 710 1050 733 nocuere
1066 710 1148 740 sun,
1166 704 1230 733 etc.

225 778 333 826 Inde
355 777 519 843 liquet,
545 777 723 825 Fabium
740 776 908 824 huncce
930 787 1033 824 tunc
1055 776 1228 824 demum
1247 794 1428 824 uxorem
1445 773 1645 831 duxisse,

226 873 363 919 quum
393 854 478 918 jam
509 854 671 900 Noster
703 852 881 899 carmina
913 851 1101 899 condere
1133 850 1312 908 soleret;
1349 850 1568 917 siquidem
1597 850 1644 897 in

225 930 317 995 ejus
341 930 552 977 honorem
570 927 870 994 epithalamium
887 927 1057 976 cecinit.
1081 927 1218 991 Quod
1235 927 1280 974 in
1299 926 1521 976 consulem
1542 928 1644 975 anni

225 1011 283 1057 U.
305 1009 355 1057 C.
380 1021 590 1056 DCCXLIII
608 1007 930 1070 (Varroniani)
954 1008 1024 1054 vix
1042 1006 1193 1054 cadere
1208 1018 1380 1072 potest3
1404 1026 1456 1054 eo
1475 1006 1620 1055 minus
1633 1045 1646 1064 ‚

227 1084 348 1150 quod
367 1083 491 1131 illum
515 1082 704 1131 Ovidius
718 1083 904 1149 juvenem
928 1095 1077 1140 vocat,
1105 1083 1181 1148 qui
1207 1093 1351 1131 tamen
1382 1082 1453 1130 his
1476 1093 1645 1149 tempo-

223 1161 349 1208 ribus
376 1161 461 1225 jam
491 1178 615 1207 senex
635 1159 748 1206 foret
763 1196 774 1216 ‚
797 1160 833 1208 si
854 1171 958 1207 XXII
981 1170 1080 1207 ante
1102 1157 1228 1206 aunis
1252 1156 1530 1207 consulatum
1547 1175 1645 1220 ges-

227 1237 356 1286 sisset
375 1257 384 1285 :
407 1256 458 1285 ex
481 1237 630 1305 Ponto
648 1236 726 1284 lib.
749 1238 793 1284 11
809 1274 820 1294 ‚
842 1236 986 1303 Epist.
1013 1248 1070 1284 ΙΙΙ
1086 1275 1099 1294 ,
1127 1254 1236 1284 vers.
1261 1234 1320 1281 55
1342 1254 1352 1283 :

444 1335 582 1370 Scilicet
596 1334 781 1379 indignum
792 1361 801 1377 ‚
818 1345 974 1369 συνεῖπε
990 1332 1162 1368 rarissime
1175 1359 1184 1377 ,
1203 1332 1298 1368 ducis

486 1392 538 1426 Te
555 1391 631 1426 fieri
646 1391 812 1426 comitem
827 1391 949 1425 stantis
965 1391 1002 1424 in
1021 1390 1104 1424 orbe
1120 1389 1217 1424 Doae.

222 1472 362 1518 Immo
386 1469 549 1517 Fabius
573 1469 723 1517 Ovidii
746 1469 910 1517 amicus
933 1467 1104 1534 aliquot
1133 1479 1236 1534 post
1270 1469 1485 1515 Nostrum
1516 1465 1642 1514 annis

223 1560 351 1598 natus
374 1559 459 1605 est,
486 1559 535 1595 ut
560 1566 661 1594 mox
682 1546 843 1604 tradit,
877 1565 986 1593 vers.
1010 1544 1186 1610 69-72:

442 1645 558 1679 Movit
575 1644 733 1679 amicitiae
750 1651 826 1678 tum
843 1650 876 1678 te
894 1643 1086 1677 constantia
1104 1642 1216 1686 longae
1228 1667 1238 1686 ‚

481 1702 571 1734 Ante
588 1706 662 1734 tuos
679 1707 768 1733 ortus
783 1712 860 1744 quae
875 1698 962 1732 mihi
980 1705 1090 1743 coepta
1107 1698 1184 1733 fuit.

439 1756 485 1791 Et
505 1756 598 1800 quod
616 1769 690 1790 eras
707 1755 778 1790 aliis
795 1756 923 1798 factus,
940 1757 1023 1789 mihi
1036 1762 1137 1789 natus
1154 1756 1283 1788 amicus
1297 1765 1307 1788 5

484 1811 663 1857 Quodque
683 1811 742 1846 tibi
759 1815 794 1846 in
808 1815 904 1847 cunis
920 1811 1035 1846 oscula
1051 1811 1162 1857 prima
1180 1810 1280 1853 dedi,
1298 1816 1362 1844 etc.

282 1892 363 1938 III.
386 1889 591 1956 Epistola
615 1909 790 1955 quoque
815 1902 904 1936 V111
930 1887 1031 1936 libri
1056 1890 1120 1936 IV
1142 1907 1192 1936 ex
1218 1888 1362 1935 Ponto
1380 1923 1392 1942 ‚
1421 1898 1524 1952 post
1543 1886 1639 1934 Au-

221 1969 337 2032 gusti
362 1968 558 2024 obitum,
591 1967 753 2034 scripta
777 1978 841 2014 est
866 1967 1015 2014 Suillio
1030 2005 1041 2021 ,
1079 1965 1155 2031 qui
1182 1963 1369 2012 Nasonis
1395 1963 1638 2029 privignam

218 2046 405 2094 duxerat·
423 2063 604 2092 uxorem
637 2051 667 2092 ¹.
709 2045 879 2092 ibidem
906 2043 1022 2092 enim
1061 2042 1345 2092 Germanicum
1367 2039 1638 2111 adloquens,

214 2124 301 2180 ait,
324 2139 435 2171 vers.
463 2122 524 2169 63
550 2134 594 2170 et
616 2122 708 2182 64:

435 2220 481 2254 Et
497 2222 593 2253 modo
606 2246 614 2258 ,
635 2218 770 2260 Caesar,
788 2232 905 2262 avum,
923 2231 1029 2263 quem
1046 2218 1155 2252 virtus
1171 2216 1303 2251 addidit
1319 2216 1416 2251 astris
1430 2241 1440 2259 ,

482 2275 671 2310 sacrarunt
688 2275 799 2319 aliqua
815 2275 970 2309 carmina
989 2281 1084 2319 parte
1100 2279 1200 2307 tuum.

217 2354 501 2403 Germanicus
528 2372 685 2419 nempe
713 2353 953 2418 adoptatus
971 2371 993 2400 a
1011 2351 1193 2399 Tiberio
1211 2388 1223 2407 ‚
1256 2368 1384 2416 quem
1403 2348 1637 2410 Augustus

210 2432 492 2499 adoptaverat
510 2471 520 2490 ‚
559 2450 674 2479 avum
710 2431 867 2478 habuit
897 2432 1164 2492 Augustum.
1196 2427 1315 2476 Illud
1346 2438 1490 2475 autem
1519 2424 1638 2472 modo

210 2507 452 2571 significat,
476 2520 519 2556 et
537 2508 648 2555 hanc
665 2506 909 2573 Epistulam
925 2544 936 2565 ,
953 2518 996 2555 et
1015 2507 1164 2572 ipsum
1183 2506 1228 2553 in
1247 2503 1438 2568 Augusti
1452 2513 1637 2553 mortem

211 2606 350 2653 opus,
379 2588 461 2635 sub
492 2587 626 2650 hujus
653 2586 758 2632 anni
790 2584 919 2633 finem
937 2623 948 2643 ,
987 2585 1054 2633 vel
1086 2603 1303 2633 summum
1333 2583 1416 2631 sub
1447 2579 1637 2648 proximi

209 2664 497 2730 principium,
526 2663 660 2710 fuisse
686 2661 879 2710 condita.

249 2771 259 2788 ¹
286 2768 375 2802 Vide
394 2780 479 2801 vers.
499 2779 611 2813 9—12‚
632 2773 666 2800 et
680 2779 754 2810 sup.
772 2778 847 2811 pag.
869 2768 938 2799 125.
