1794 3100
542 257 612 301 IN
645 257 884 301 OVIDII
917 257 1079 301 IBIN.
1467 257 1523 300 63

96 373 197 404 nam
215 364 260 402 et
274 351 601 419 Aristophanes
620 351 669 399 in
685 351 858 399 Avibus
873 351 1123 416 Lycurgum
1139 347 1236 396 Ibin
1257 349 1526 407 nominavit,

96 440 327 496 propterea
346 428 469 495 quod
487 445 643 490 genere
656 438 699 475 et
714 427 914 475 moribus
928 425 1168 493 AEgyptius
1182 437 1315 482 esset,
1334 438 1385 474 ut
1402 438 1527 474 vetus

96 505 416 575 Aristophanis
441 505 698 554 scholiastes
723 504 916 571 exponit.

604 730 878 786 CAPUT
925 729 1025 784 IV.

185 872 299 898 uums
315 861 451 898 ΠΟΗΣΝ
465 871 713 898 couJEc'rURA
733 871 994 904 PERQUISITUM
1008 886 1017 904 ,
1045 869 1168 895 Fon'rz
1193 869 1442 894 comvssn'rum.

96 947 411 1017 NASCITUR
434 986 513 1016 sua
540 978 700 1034 sponte
723 966 973 1015 obscuritas
989 965 1154 1014 existis
1177 965 1450 1032 privatarum
1470 983 1531 1012 re—

96 1062 196 1092 rum
224 1041 456 1102 historiis,
482 1043 648 1109 quibus
683 1042 814 1091 etiam
845 1043 966 1090 Naso
1002 1042 1149 1091 dedita
1174 1060 1307 1108 opera
1329 1041 1531 1091 tenebras

98 1119 292 1169 effundit
305 1157 317 1178 ‚
337 1132 390 1169 ut
407 1119 594 1169 arduum
609 1120 669 1168 sit
681 1157 693 1176 ,
717 1131 804 1167 tam
825 1118 971 1168 densis
988 1118 1166 1169 nebulis
1183 1121 1274 1170 veri
1295 1121 1531 1170 scintillam

99 1196 363 1262 exsculpere.
390 1198 489 1259 Ego
515 1208 657 1246 tamen
675 1233 686 1253 ‚
708 1197 886 1244 incusso
909 1195 964 1245 ad
987 1194 1113 1244 illum
1148 1197 1434 1246 tenebricosae
1461 1216 1534 1244 ve—

101 1275 280 1325 tustatis
304 1275 480 1342 pyn'ten
503 1275 713 1342 chalybe,
741 1294 838 1323 nonv
858 1275 1123 1323 mediocrem
1135 1274 1287 1324 lucem
1309 1294 1535 1344 expressu-

96 1372 196 1402 rum
218 1372 289 1402 me
311 1352 501 1402 confido.
526 1353 640 1411 Sed,
663 1364 899 1419 antequam
922 1354 1184 1402 sententiam
1211 1373 1365 1417 roger,
1388 1374 1533 1422 operae

97 1432 290 1499 pretium
306 1444 374 1481 est
389 1443 578 1480 veterem
594 1431 926 1495 grammaticum
945 1431 1095 1481 audire
1110 1470 1121 1489 ‚
1141 1433 1240 1499 qui,
1261 1445 1370 1483 teste
1390 1432 1533 1482 Coelio

98 1510 384 1574 Rhodigino‚
405 1510 555 1578 Antiq.
581 1510 802 1560 Lect..lib.
826 1510 958 1567 XIII,
984 1529 1077 1577 cap.
1106 1529 1124 1558 ι
1140 1549 1152 1570 ,
1174 1511 1417 1560 Corvinum
1441 1531 1535 1560 esse

96 1589 298 1656 prodidit
310 1625 323 1648 ‚
348 1607 479 1656 quem
492 1589 567 1638 hie
578 1591 698 1638 Naso
714 1582 803 1638 sale
819 1601 863 1637 et
874 1588 1018 1638 resina
1032 1587 1258 1637 confricat.
1279 1589 1390 1654 Ejus
1401 1589 1533 1638 verba

98 1679 229 1716 sunt:
253 1690 276 1711 α
295 1667 417 1727 lllub
440 1668 586 1717 obiter
603 1668 849 1716 adnotarim
864 1705 876 1726 ,
904 1668 950 1714 in
966 1665 1131 1715 Caecilii
1150 1667 1392 1716 Minutiani
1407 1670 1532 1736 Apu-

100 1766 125 1787 »
153 1742 227 1793 leii
246 1745 524 1808 Fragmentis
539 1745 837 1802 observatum,
848 1743 980 1792 annis
996 1756 1164 1811 septem
1176 1743 1222 1791 in
1236 1744 1408 1802 exsilio,
1427 1765 1533 1794 eon-

99 1845 124 1866 »
154 1824 345 1891 sumptis
364 1823 565 1875 functum
588 1842 684 1872 esse
705 1823 799 1871 sato
818 1822 1028 1872 Ovidium
1041 1861 1051 1881 ‚
1075 1842 1159 1889 qua
1179 1823 1254 1871 die*
1265 1823 1397 1871 Titus
1418 1843 1533 1890 quo-

101 1923 126 1944 »
156 1919 246 1968 que
258 1901 416 1950 >Livius
436 1901 696 1957 decesseri&
723 1913 941 1950 structum
961 1901 1067 1949 item
1089 1899 1155 1948 illi
1178 1921 1202 1948 a
1224 1900 1433 1950 Barbaris
1454 1919 1534 1967 per

99 2001 124 2021 ι)
151 1977 551 2045 ωυΙῐειςῑΙεει-γωεε
576 1979 764 2046 tymbon
784 1991 884 2027 ante
906 1979 1098 2045 januam.
1119 1981 1293 2028 Auctor
1309 1979 1425 2026 idem
1442 1980 1533 2027 Mi-

103 2077 125 2098 »
151 2055 488 2114 nutianusest,
522 2057 766 2105 Corvinum·
797 2057 852 2105 ab
892 2055 1058 2104 Ovidio
1091 2055 1360 2122 adpellatum
1397 2056 1533 2104 fuisse

99 2156 124 2176 »
153 2133 258 2183 Ibin
274 2170 287 2191 ,
320 2151 374 2182 ex
393 2133 727 2192 avisfoeditate,
755 2134 827 2183 cui
850 2147 1044 2184 ventrem
1067 2147 1215 2184 rostro
1239 2154 1429 2202 purgare
1466 2136 1535 2182 in-

101 2234 125 2254 »
153 2211 289 2260 situm
313 2211 398 2270 sit,
426 2224 470 2260 et
488 2212 576 2261 hoc
598 2233 651 2262 ex
668 2213 928 2263 Callimachi
943 2214 1190 2264 imitatione
1205 2235 1213 2262 :
1231 2215 1410 2282 pulsum
1431 2234 1536 2281 quo-

102 2283 127 2334 i>
156 2291 307 2358 quein
326 2291 548 2349 exsilium,
571 2293 691 2358 quod
708 2294 901 2356 Augusti
922 2295 1140 2345 incestum
1162 2295 1362 2343 vidisset>
1377 2284 1407 2337 A»
1432 2295 1536 2342 Haec

98 2368 201 2429 ille,
224 2389 415 2438 quorum
435 2369 544 2418 fides
568 2380 664 2418 esto
688 2389 823 2437 penes
846 2384 1069 2420 auctorem
1085 2411 1096 2431 ‚
1137 2372 1436 2439 quinondum
1460 2372 1534 2420 lu-

99 2467 197 2498 cem
226 2449 362 2508 vidit,
397 2448 564 2514 unique
591 2448 732 2497 Coelio
766 2449 1024 2513 Rhodigino
1052 2463 1189 2499 notus
1219 2451 1326 2509 fuit,
1350 2451 1416 2499 uti
1448 2451 1534 2516 jam

100 2540 226 2577 antea
247 2528 553 2595 pronuntiavit
576 2526 719 2575 Lilius
746 2528 965 2594 Gyraldus
982 2567 993 2587 ‚
1018 2529 1070 2577 de
1091 2530 1312 2578 Poetarum
1333 2531 1500 2579 historia
1518 2571 1528 2587 ,.

100 2604 280 2670 Dialog,
303 2606 346 2667 4.
363 2608 435 2654 An
455 2606 691 2663 Corvinus,
713 2605 916 2672 q‘uisquis
934 2605 1006 2654 ille
1022 2606 1168 2664 fuerit,
1183 2608 1229 2655 in
1244 2608 1385 2675 Libya
1406 2621 1536 2656 natus

100 2696 191 2743 est,
213 2684 295 2732 ubi
329 2683 497 2733 scilicet
529 2685 633 2733 lbin
666 2682 834 2732 natales
868 2683 1078 2732 habuisse
1112 2683 1304 2733 declarat
1343 2686 1535 2734 Ovidius

101 2762 148 2810 in
169 2762 241 2810 his
261 2782 270 2809 :
