1794 3100
920 241 1556 257 mmmmmm

121 373 523 462 PUBLII
580 371 975 462 OVIDII
1031 370 1547 460 NASONIS

695 566 963 648 VITA,

439 729 670 767 ORDINE
702 728 1217 774 CHRONOLOGICO,

594 861 703 911 SIC
736 861 1074 919 DIGESTA‚

198 1005 264 1034 UT
297 1006 417 1035 Esus
446 1006 609 1036 OPERA
645 1005 800 1035 VERIS
832 1005 1143 1036 REDDANTUR
1177 1005 1363 1043 ANNIS,
1397 1003 1470 1035 etc.

378 1132 492 1181 PER
539 1132 906 1182 JOANNEM
951 1130 1273 1180 MASSON.

141 1401 250 1436 Anno
265 1406 346 1436 ante
359 1398 542 1435 Christum
555 1409 669 1440 xu11;
686 1397 782 1432 urbis
798 1397 922 1432 Romae
934 1396 1084 1432 conditae
1100 1406 1229 1440 nccxt;
1247 1396 1368 1432 ovidii
1380 1397 1488 1432 aetatis
1501 1407 1524 1431 1.

306 1527 348 1564 C.
367 1527 512 1565 VIBIO
537 1525 719 1571 PANSA,
746 1525 789 1561 A.
813 1524 1000 1561 HIRT'IO
1024 1523 1358 1561 CONSULIBUS.

114 1655 149 1701 I.
166 1633 440 1702 Pnntlus
466 1652 731 1701 Ovmms
752 1651 909 1700 NAso
927 1650 1169 1699 vocabatur
1181 1647 1257 1698 ille
1267 1659 1480 1716 poetarum
1496 1650 1553 1697 in-

104 1730 403 1799 gembslksimus
431 1737 441 1756 ¹
464 1767 477 1788 ‚
511 1730 637 1795 cujus
660 1729 748 1778 vita
770 1729 902 1778 nobis
923 1729 998 1777 hic
1021 1728 1267 1777 accuratius
1294 1727 1552 1777 delineanda

111 1807 245 1857 venit.
267 1809 334 1856 Ea
357 1825 517 1874 nempe
535 1806 716 1856 nomina
735 1805 994 1870 vulgaribus
1010 1843 1022 1864 ‚
1048 1817 1092 1853 et
1116 1804 1295 1872 quidem
1318 1805 1550 1864 omnibus,

112 1887 161 1936 ni
177 1885 310 1936 fallor
324 1924 336 1945 ‚
366 1886 460 1952 ejus
480 1905 664 1953 operum
686 1885 916 1934 codicibus
940 1884 1332 1943 circumferuntur,
1359 1904 1551 1951 quorum

114 1966 246 2016 etiam
281 1965 586 2016 testimonium
620 1966 809 2032 ipsemet
842 1978 984 2024 vates,
1020 1984 1080 2014 acv
1104 1964 1276 2031 antiqui
1314 1964 1550 2031 scriptores

115 2043 375 2095 confirmant
388 2083 400 2104 ,
415 2045 453 2095 si
459 2062 696 2111 praenomen
714 2045 904 2112 excipias
917 2083 928 2103 ‚
950 2044 1072 2111 quod
1083 2043 1191 2092 alibi
1205 2063 1299 2092 non
1315 2044 1546 2110 reperitur.

113 2123 169 2171 ld
193 2134 339 2172 tamen
362 2142 414 2172 ex
435 2121 525 2172 illis
549 2134 666 2182 erat,
694 2142 790 2190 quae
813 2121 1028 2171 libentius
1054 2120 1294 2171 delicatulae
1320 2122 1549 2170 Romano-

113 2218 214 2248 rum
228 2218 355 2249 aures
374 2198 828 2258 audiebant,Horatio
849 2210 960 2247 teste
975 2235 987 2258 ‚
1009 2197 1089 2246 lib.
1111 2199 1156 2246 II
1169 2235 1180 2257 ‚
1205 2198 1296 2246 Sat.
1317 2211 1364 2257 V,
1379 2217 1443 2247 vs.
1459 2198 1545 2247 32:

314 2316 461 2359 Quinte,
481 2320 565 2360 puta
578 2340 587 2358 ,
610 2321 670 2349 aut
685 2315 805 2350 Punm
820 2314 1000 2361 (gaudent
1015 2317 1222 2359 pra-nomine
1235 2312 1358 2348 molles

312 2374 510 2420 Auriculae)
522 2401 531 2419 ,
548 2374 612 2410 tibi
630 2387 688 2410 me
706 2375 817 2411 virtus
832 2382 892 2410 tua
907 2375 991 2411 fecit
1005 2374 1168 2410 amicum.

177 2472 415 2522 NASONEM
435 2483 551 2522 certe
571 2491 615 2521 se
631 2471 795 2539 passim
815 2472 909 2539 ipse
931 2484 1064 2539 poeta
1086 2472 1300 2520 nominat.
1321 2471 1412 2520 Nec
1426 2469 1553 2520 aliter

114 2550 313 2602 Velleius
334 2552 595 2602 Paterculus
616 2558 632 2576 ²
649 2590 661 2611 ,
697 2551 790 2617 ejus
812 2551 1018 2619 aequalis3
1054 2551 1126 2600 cui
1148 2562 1406 2600 numeratur
1435 2550 1552 2600 inter

155 2666 167 2686 ¹
191 2665 273 2700 Hoc
302 2664 415 2711 elogio
441 2672 562 2700 noster
589 2672 779 2700 exornatur
806 2677 824 2699 a
852 2665 979 2701 Seneca
999 2663 1233 2711 Philosopho,
1261 2664 1396 2709 Quest.
1425 2664 1553 2699 Natur.

113 2719 173 2762 lib.
190 2721 247 2757 III
262 2747 271 2765 ‚
292 2734 363 2767 rap.
381 2735 433 2767 ²7-

155 2778 172 2798 ³
195 2777 328 2814 Histor.
345 2777 403 2813 lib.
422 2777 477 2824 11,
497 2790 570 2823 cap.
589 2777 641 2812 36.
