1794 3100
1119 160 1130 181 l

219 229 297 270 152
646 228 698 270 P.
735 227 971 271 OVIDII
1003 227 1184 271 VITA.

208 307 217 328 Ρ

319 337 426 372 Anno
452 343 530 371 ante
556 335 597 370 C.
626 347 681 379 x13
701 337 749 371 U.
773 335 815 370 C.
842 347 1024 379 nccxrnu
1042 335 1182 380 Ovidii,
1204 348 1307 372 xxxn
1327 344 1362 372 et
1384 349 1514 374 xxxm.

351 433 399 477 Q.
417 431 550 468 AELlo
568 431 865 476 TUBERONE,
887 433 926 467 P.
945 431 1095 467 FABIO
1113 431 1327 468 MAXIMO
1347 431 1481 468 COSS.

273 530 307 575 Ι.
347 529 570 575 TERTIUM
595 529 747 576 Romae
771 526 968 574 theatrum
998 526 1085 575 hoc
1113 545 1227 574 anno
1260 526 1506 575 dedicatum
1533 537 1543 558 ¹
1569 527 1625 575 ab

210 609 411 669 Augusto
431 605 648 661 ,Μαι-εεῖἰί,
684 605 771 669 jam
803 604 1101 652 duodecennio
1124 616 1224 652 ante
1249 604 1393 653 denati
1412 643 1424 663 ‚
1449 605 1628 653 nomine

208 685 293 732 suit
307 722 318 741 ‚
340 684 376 732 si
401 682 575 749 quidem
595 682 734 730 Plinio
753 687 769 705 ²
790 681 1025 729 credamus.
1051 683 1096 730 Is
1121 682 1234 730 enim
1257 694 1429 739 narrat,
1448 683 1626 746 Augus-

210 772 303 807 tum
319 798 329 817 ‚
368 759 424 824 Q
462 759 675 806 Tuberone
691 796 702 813 ‚
737 756 877 804 Fabio
899 757 1093 805 Maximo
1122 758 1348 806 consulibus
1363 797 1374 814 ,
1407 771 1458 806 lv
1477 759 1628 807 Nonas

209 836 354 884 Maias
367 874 378 891 ‚
405 833 555 881 theatri
583 833 783 881 Marcelli
808 830 1055 880 dedicatione
1087 833 1218 899 trigrn'm
1245 834 1422 899 primum
1452 834 1627 882 omnium

207 914 360 961 Roma·
383 911 597 959 ostendisse
616 911 656 957 in
681 929 799 959 cavea
817 909 1142 974 mansuefactam.
1181 910 1305 957 Hanc
1329 922 1473 967 tamen
1503 910 1628 958 dedi-

210 988 424 1037 cationem
462 987 550 1034 Dio
575 985 590 1010 ³
622 986 862 1034 adannum
897 988 952 1033 U.
992 987 1041 1034 C.
1063 978 1275 1052 ⁷D1CCXLI,
1302 1004 1391 1050 quo
1422 996 1465 1032 et
1498 985 1636 1033 Balbi

206 1066 404 1114 theatrum
429 1084 480 1113 ex
504 1065 595 1130 ejus
619 1063 796 1112 calculis
824 1063 1071 1111 dedicatum
1097 1060 1261 1121 fueret,
1284 1061 1427 1111 refert.
1465 1063 1628 1110 Verum

208 1144 354 1193 Plinio
386 1144 535 1210 potius
567 1143 675 1191 fides
704 1142 907 1190 habenda
944 1142 1142 1199 videtur,
1176 1154 1227 1189 ut
1264 1142 1340 1208 qui
1363 1142 1425 1190 rei
1448 1141 1630 1208 propior

208 1220 318 1278 suit,
342 1240 389 1268 ac
411 1239 504 1267 non
525 1219 660 1267 modo
687 1218 890 1267 consules
905 1256 916 1276 ‚
941 1218 1016 1267 sed
1039 1230 1082 1266 et
1104 1237 1293 1266 mensem
1320 1217 1521 1283 diemque
1543 1235 1630 1264 no-

210 1300 317 1348 tavit
332 1337 343 1357 ,
371 1318 465 1364 quae
486 1299 690 1363 majorem
713 1298 1011 1345 demonstrant
1033 1295 1324 1358 diligentiam3
1344 1308 1396 1344 ut
1413 1294 1630 1359 vix-liceat

209 1378 340 1424 hasce
361 1376 571 1441 temporis
595 1386 721 1423 notas
742 1374 839 1423 falsi
862 1393 1040 1436 arguere
1057 1411 1068 1431 ‚
1093 1372 1159 1421 vel
1182 1369 1310 1421 eti‘am
1335 1372 1560 1438 suspicari.

276 1456 428 1518 Quum
450 1472 550 1500 vero
567 1453 761 1518 Pompeii
777 1452 995 1500 theatrum
1014 1453 1166 1499 Romae
1185 1450 1329 1498 solum
1347 1462 1446 1498 ante
1459 1451 1628 1509 fuisset,
1695 1456 1708 1462 ”

214 1549 342 1597 quam
372 1530 454 1577 ista
479 1529 592 1586 duo,
626 1529 763 1576 Balbi
789 1547 838 1575 ac
861 1527 1082 1582 Marcelli,
1122 1538 1502 1584 construerentur;
1527 1527 1630 1574 hinc

211 1610 350 1676 liquet
366 1628 456 1657 non
469 1607 553 1655 nisi
569 1607 776 1673 posthaec
800 1618 995 1672 tempora
1009 1605 1176 1654 Nasoni
1190 1605 1364 1654 licuisse
1382 1625 1430 1653 ea
1452 1624 1603 1654 canere
1617 1642 1629 1663 ,

215 1707 309 1754 quae
332 1686 501 1753 profert
526 1686 621 1732 Art.
648 1685 789 1732 Amat.
818 1683 894 1730 lib.
921 1685 969 1739 Ι,
1003 1682 1082 1730 ubi
1115 1683 1253 1730 varias
1278 1701 1505 1731 recensens
1527 1701 1631 1748 por-

214 1765 327 1813 ticus
345 1761 360 1793 4
378 1762 542 1829 quibus
558 1764 767 1809 Romanae
787 1758 992 1807 solebant
1010 1758 1166 1824 puellae
1186 1759 1385 1825 spatiari,
1409 1758 1632 1824 Pompeia—

213 1861 305 1889 nam
328 1840 517 1906 primum
542 1848 779 1893 memorat,
803 1835 957 1883 deinde
986 1835 1271 1890 Octavianam,
1297 1834 1425 1883 simul
1445 1847 1487 1883 et
1505 1835 1632 1883 Nlar-

214 1919 308 1967 celli
327 1918 418 1982 ejus
440 1915 521 1963 filii
543 1914 739 1962 theatrum
761 1913 986 1975 designat,
1010 1931 1116 1960 vers.
1146 1911 1294 1978 67-70
1314 1931 1324 1959 :

433 2022 489 2055 Tu
505 2019 612 2054 modo
629 2021 787 2062 Pompeia
803 2018 917 2053 lentus
931 2016 1076 2062 spatiare
1090 2016 1153 2050 sub
1169 2016 1293 2050 umbra
1304 2042 1315 2059 ,

478 2081 604 2125 Quum
620 2080 670 2114 sol
686 2078 850 2113 Herculei
868 2085 963 2123 terga
980 2077 1089 2111 leonis
1106 2077 1196 2111 adit:

433 2142 507 2177 Aut
519 2168 527 2184 ‚
547 2141 605 2175 ubi
622 2139 825 2174 muneribus
842 2150 930 2174 NATI
945 2152 1006 2172 sua
1020 2133 1169 2172 munera
1184 2147 1315 2173 MATER

474 2201 643 2244 Addidit,
661 2207 805 2234 externo
821 2211 995 2233 marmore
1016 2199 1110 2233 dives
1126 2211 1223 2243 opus.

214 2294 455 2343 Postremis
472 2330 483 2349 ‚
521 2291 685 2340 scilicet
706 2290 954 2347 versiculis,
980 2289 1170 2348 indicat,
1209 2289 1391 2338 Octavia
1415 2290 1633 2355 porticum

258 2430 267 2447 ¹
295 2427 341 2460 Et
356 2425 497 2470 quidem
515 2426 754 2459 commissione
769 2425 952 2465 Ludorum,
976 2430 1016 2457 ut
1029 2423 1135 2458 habet
1156 2422 1303 2457 Sueton.
1317 2421 1373 2456 lib.
1388 2421 1446 2465 II,
1473 2435 1544 2467 cap.
1564 2423 1606 2466 43
1621 2447 1631 2466 ,

213 2491 248 2518 et
265 2484 392 2518 indicat
410 2482 543 2518 Plinius
561 2482 635 2517 loco
647 2496 718 2527 seq.
1144 2483 1146 2485 ’

256 2548 270 2565 ²
295 2545 385 2578 Hist.
405 2545 484 2578 Nat.
502 2544 557 2579 lib.
580 2544 670 2577 VIII
685 2570 694 2586 ,
717 2556 790 2588 cap.
809 2557 856 2588 ¹7·

257 2604 269 2625 3
294 2605 366 2639 Lib.
386 2605 482 2646 LIV,
501 2618 576 2649 pag.
594 2605 668 2651 539.

256 2666 270 2689 ⁴
294 2665 348 2699 De
369 2664 492 2710 quibus
508 2666 659 2699 Martial.
682 2665 736 2700 lib.
755 2666 790 2699 ΙΙ
804 2692 812 2708 ,
840 2665 903 2711 Ep.
925 2676 988 2699 X1v
1011 2678 1018 2699 :
1036 2679 1052 2694 «
1072 2664 1159 2699 Inde
1183 2663 1270 2709 petit
1292 2670 1420 2699 centurn
1443 2662 1633 2709 pendentia

215 2729 304 2756 tecta
323 2724 485 2756 calumnis
497 2748 505 2763 ,
530 2720 628 2755 Illinc
644 2723 783 2764 Pompei
796 2721 887 2755 dona
902 2732 1096 2765 nemusque
1115 2719 1250 2765 duplex.
1273 2733 1290 2749 »
