1794 3100
279 260 330 302 ιδ
653 263 704 305 P.
748 262 988 307 ov1n11
1023 238 1323 309 NASONIS

268 354 456 419 Jamque
480 371 732 413 recessurae,
756 355 886 404 viridi
909 354 963 404 de
990 357 1142 424 stipite
1164 357 1300 407 factas

334 429 592 479 Admorunt
617 430 757 480 oculis
782 450 922 498 usque
946 433 1030 482 sub
1057 453 1133 482 ora
1154 434 1282 482 faces.

268 507 449 565 Flebat,
476 519 528 555 ut
549 520 614 557 est
636 509 780 557 infans
806 509 940 558 fumis
964 522 1192 560 contactus
1215 510 1398 568 amaris,

336 583 405 632 De
430 585 575 633 tribus
599 597 665 634 est
688 605 825 653 quum
848 586 910 635 sic
934 606 1021 636 una
1045 587 1195 637 locuta
1220 607 1348 637 soror
1368 609 1378 637 :

270 661 467 728 Tempus
491 663 537 710 in
563 663 825 713 immensum
848 664 1063 732 lacrymas
1089 666 1172 714 tibi
1195 666 1393 715 vovimus
1417 666 1549 726 istas,

336 738 448 801 Quae
474 758 644 806 semper
662 759 789 788 causa
815 740 1059 790 sufficiente
1083 743 1250 792 cadent.

271 814 455 862 Dixerat
474 835 483 862 :
506 827 551 863 at
572 815 734 863 Clotho
755 817 888 882 jussit
909 819 1127 884 promissa
1151 818 1311 878 valere,

1635 833 1701 878 245

336 893 468 942 Nevit
491 905 535 942 et
556 894 746 944 infausta
768 896 953 944 stamina
976 896 1099 963 pulla
1122 917 1280 955 manu3

272 972 331 1018 Et
354 990 408 1018 ne
431 969 563 1033 longa
585 990 672 1019 suae
697 972 906 1038 praesagia
931 971 1095 1021 diceret
1117 974 1264 1022 horae:

337 1050 445 1096 Fata
467 1059 592 1095 canet
615 1060 734 1096 vates
758 1049 835 1115 qui
861 1062 958 1107 tua,
986 1050 1097 1098 dixit
1113 1088 1124 1107 ‚
1153 1051 1247 1097 erit.

273 1125 352 1173 Ille
377 1144 459 1187 ego
484 1143 581 1172 sum
605 1136 724 1172 vates
749 1144 758 1172 ε
785 1143 835 1172 ex
860 1144 928 1173 me
954 1138 1029 1174 tua
1050 1125 1230 1174 vulnera
1253 1125 1393 1175 disces
1410 1163 1422 1184 ‚

337 1204 399 1250 Di
422 1202 556 1250 modo
583 1202 689 1250 dent
711 1203 821 1251 vires
842 1202 889 1249 in
912 1222 1005 1250 mea
1028 1204 1160 1251 verba
1187 1222 1299 1251 suas.

276 1280 647 1346 Carminibusque
669 1281 776 1328 meis
800 1281 1007 1329 accedant
1031 1281 1228 1346 pondera
1251 1299 1418 1338 rerum,
1460 1334 1463 1336 Α

342 1359 454 1421 Quae
477 1370 570 1405 rata
593 1345 673 1423 per
694 1356 840 1405 luctus
866 1357 1087 1423 experiere
1108 1369 1225 1406 tuos.

275 1437 393 1483 Neve
418 1435 510 1482 sine
534 1433 744 1500 exemplis
768 1434 844 1483 aevi
867 1434 1054 1482 moriare
1077 1434 1262 1501 prioris;

320 1502 442 1560 ‘Sint
465 1524 540 1561 tua
562 1512 766 1577 Trojanis
789 1531 883 1560 non
906 1511 1067 1560 leviora
1088 1510 1226 1560 malis.

278 1591 542 1658 Quantaque
567 1589 769 1658 clavigeri
792 1590 1013 1641 Paeantius
1036 1589 1239 1639 Herculis
1260 1589 1410 1647 heres,

1640 1601 1705 1636 255

341 1671 484 1718 Tanta
504 1679 717 1717 venenato
741 1666 922 1715 vulnera
943 1684 1067 1715 crure
1092 1685 1229 1731 geras.

276 1749 368 1796 Nec
393 1746 534 1795 levius
560 1745 709 1794 doleas
723 1782 735 1803 ‚
762 1763 892 1811 quam
916 1744 994 1811 qui
1015 1743 1136 1792 bibit
1155 1743 1294 1792 ubera
1316 1760 1449 1790 cervae
1465 1780 1477 1800 ,

278 1873 424 1917 Sparsus
448 1878 532 1906 erat.
555 1885 573 1901 »
593 1870 651 1905 Sic
677 1869 864 1916 Virgilius,
886 1870 958 1913 VI,

278 1938 326 1959 vs.
353 1923 419 1958 303
432 1950 441 1967 ,
471 1922 662 1958 Charontis
677 1922 840 1970 cymbam
861 1929 960 1958 vocat

276 1974 526 2020 ferrugineam.

332 2027 411 2074 239}
432 2028 487 2061 De
513 2027 619 2061 viridi
638 2028 751 2069 stipite
779 2031 844 2060 etc.
867 2025 960 2060 Nam

275 2080 368 2115 faces
385 2077 511 2113 virides
528 2077 680 2113 infelices
696 2083 777 2112 sunt
788 2102 798 2121 ‚
816 2083 960 2123 propter

277 2132 432 2166 fumum.

321 2185 396 2227 240.
420 2182 530 2227 Usque
550 2183 611 2216 sub
635 2194 705 2215 ora.
732 2180 839 2214 Forte
860 2186 958 2221 usta,

277 2234 332 2270 vel
359 2240 463 2275 atm‚·
491 2245 574 2267 narn
598 2231 733 2266 codices
763 2229 960 2266 Canstantii

277 2284 446 2320 Fanensis
463 2291 570 2329 atque.
590 2283 723 2317 Hnms.

323 2339 396 2381 243.
413 2339 599 2383 Lacrymas
613 2337 847 2369 tibe'moeimus
863 2336 959 2368 istas.

284 2392 441 2425 Vom'mus
468 2401 559 2423 unus
580 2386 741 2422 Vatican.
766 2393 802 2420 et
829 2385 959 2419 Medic.

278 2443 391 2483 bene;
417 2439 592 2485 quomodo
616 2446 652 2474 et
677 2437 900 2472 Constantius
921 2436 958 2470 in

278 2494 346 2530 suis
365 2493 569 2535 invenerat,
597 2497 636 2525 ut
655 2497 691 2525 et
710 2492 837 2524 cadant
858 2502 959 2523 versu

279 2545 437 2593 proximo
451 2569 460 2586 ,
486 2542 580 2587 quod
595 2555 639 2576 ex
655 2542 780 2576 nostris
800 2541 961 2575 nonnulli

280 2598 502 2635 confirmant.
521 2595 653 2629 Hsms.

325 2652 399 2694 245.
417 2650 565 2682 Dixerat
577 2653 611 2680 et
628 2648 755 2680 Clotho.
773 2647 824 2681 At
842 2647 961 2681 Clotho

283 2718 324 2741 ex
339 2702 476 2737 duobus
492 2699 635 2744 scriptis.
651 2699 783 2733 Hnms.

326 2756 400 2799 246.
423 2753 557 2798 Iafista
575 2755 722 2788 stamina
734 2753 831 2795 pulla
850 2763 960 2785 manu.

1024 1871 1184 1916 Infausta
1195 1876 1288 1905 recte
1301 1868 1528 1905 Sarravianus
1537 1894 1548 1914 ,
1561 1875 1596 1903 et
1610 1867 1707 1904 Con-

1026 1922 1143 1958 stantii
1159 1921 1303 1957 codices.
1322 1922 1457 1956 Hzffls.

1072 1976 1146 2021 247.
1172 1975 1245 2008 Sua·
1263 1977 1431 2018 prasagia
1455 1975 1581 2008 dt'cwet
1607 1973 1707 2008 bora.

1025 2027 1091 2061 Suo
1104 2039 1160 2061 ore
1172 2026 1290 2071 scripti
1301 2053 1308 2066 .
1330 2025 1391 2060 sed
1405 2037 1608 2071 perperam3
1625 2037 1707 2059 mox

1025 2085 1129 2114 canat
1143 2091 1206 2124 pro
1225 2085 1325 2112 canet
1341 2077 1461 2112 scribe.
1481 2078 1615 2112 Hnms.

1069 2144 1088 2163 2
1111 2142 1143 2176 9.
1166 2130 1240 2163 Tua
1255 2131 1403 2163 vulnera.
1414 2130 1544 2163 Funera
1556 2128 1628 2162 duo
1643 2140 1705 2162 ve—

1024 2186 1137 2222 teres3
1161 2186 1196 2214 et
1219 2186 1297 2214 vota
1309 2191 1390 2213 mox
1411 2192 1475 2225 pro
1490 2182 1704 2214 verbannus.
1761 2224 1763 2227 ι

1071 2234 1145 2266 252.
1168 2232 1355 2275 Experiere.
1380 2233 1565 2276 Experiare
1580 2229 1706 2264 melio—

1026 2295 1081 2317 res
1093 2309 1102 2326 ,
1122 2283 1243 2317 malim
1261 2283 1357 2317 enim
1376 2285 1448 2326 Quo
1460 2285 1629 2326 experiare
1642 2294 1707 2327 pro

1031 2338 1120 2380 (lue.
1139 2337 1274 2372 HEINS.

1070 2391 1144 2424 255.
1161 2391 1334 2423 Paeantt'us
1345 2389 1513 2422 Hercules.
1533 2387 1707 2422 Philocte-

1027 2448 1092 2485 tes,
1103 2442 1251 2476 Paeantis
1262 2440 1363 2483 filius,
1377 2453 1419 2473 ex
1427 2438 1591 2474 Meliboea
1601 2439 1706 2474 urbe:

1026 2493 1222 2538 compulsus
1243 2491 1284 2525 ab
1303 2491 1456 2525 Hercule
1480 2491 1596 2536 jurare
1622 2503 1708 2526 cor—

1027 2546 1119 2590 poris
1131 2544 1184 2579 sui
1196 2542 1356 2588 reliquias
1368 2556 1440 2577 non
1454 2543 1688 2578 indicaturum
1697 2569 1707 2586 ‚

1028 2597 1069 2630 ab
1086 2596 1158 2641 ipso
1172 2608 1234 2640 pro
1248 2607 1394 2628 munere
1412 2595 1549 2640 sagittas
1559 2594 1636 2629 selle
1647 2593 1707 2640 hy-

1029 2649 1100 2684 drae
1124 2648 1284 2682 intinctas
1308 2647 1461 2692 accepit,
1486 2649 1559 2683 sine
1583 2648 1708 2693 quibus

1031 2701 1147 2745 Troia«
1156 2700 1229 2744 capi
1247 2713 1318 2734 non
1339 2707 1485 2744 poterat.
1504 2702 1595 2734 ΖΑΒ.

1072 2755 1144 2797 257.
1163 2753 1234 2788 Nec
1251 2754 1357 2788 levius
1376 2754 1512 2795 doleas,
1539 2764 1636 2798 quam
1652 2754 1712 2796 que*
