1794 3100
228 253 307 308 164
649 254 701 295 P.
746 252 980 297 ov1D11
1024 252 1203 296 VITA

216 358 322 414 post
345 346 535 412 priorem
558 345 713 393 horum
734 343 950 392 librorum
979 344 1213 393 editionem
1237 344 1404 392 addidit
1425 345 1625 394 secundae

218 425 300 474 sub
319 424 411 472 haec
428 434 624 488 tempora
644 421 764 469 factae
778 458 789 479 ‚
816 440 950 487 quum
971 422 1159 471 Ovidius
1179 423 1267 487 jam
1288 423 1626 489 quadragenarius

217 513 344 551 esset.

280 576 380 625 Alia
404 587 507 624 sunt
529 573 758 640 ipsiusmet
786 573 936 622 Ovidii
969 575 1245 630 testimonia,
1272 575 1434 641 quibus
1467 575 1624 625 diserte

216 651 460 718 profitetur,
480 669 524 699 se
546 650 592 698 T
590 649 789 715 raga’dms
811 650 1047 716 scripsisse
1070 650 1143 698 Sic
1157 652 1291 699 Trist.
1316 650 1395 699 lib.
1422 653 1491 708 ΙΙ,
1514 670 1621 700 vers.

219 729 311 794 519
334 740 378 776 et
401 727 515 783 520,
540 726 595 774 ad
616 727 898 788 Augustum:

426 823 474 858 Et
488 837 563 857 mea
579 830 660 858 sunt
675 823 800 868 populo
815 826 942 858 saltata
949 830 1106 868 poemata
1122 837 1210 871 saepe
1224 838 1232 860 z

473 885 573 930 Saepe
591 885 706 919 oculos
720 885 825 919 etiam
841 883 1024 920 detinuere
1042 893 1130 921 tuos.

212 963 399 1012 Inferius
424 980 526 1010 vero
541 999 552 1016 ,
578 980 685 1008 vers.
715 960 806 1008 553
831 972 874 1009 et
898 960 991 1022 554
1012 982 1021 1008 :

428 1060 475 1094 Et
493 1059 651 1094 dedimus
665 1062 800 1103 tragicis
816 1060 982 1104 scriptum
998 1060 1112 1106 regale
1127 1063 1316 1097 cothurnis:

470 1120 630 1164 Quaeque
648 1119 758 1165 gravis
774 1118 877 1154 debet
894 1119 998 1154 verba
1013 1122 1191 1156 cothurnus
1209 1122 1322 1158 habet.

209 1199 403 1248 Tandem
427 1210 470 1246 et
490 1198 623 1246 Trist.
649 1198 725 1245 lib.
754 1199 808 1256 V,
828 1197 950 1261 Eleg.
980 1211 1049 1247 VII
1068 1238 1079 1257 ,
1102 1218 1208 1248 vers.
1234 1200 1407 1249 25-28:

429 1295 596 1330 Carmina
611 1294 704 1340 quod
721 1295 826 1339 pleno
839 1297 966 1330 saltari
976 1303 1093 1331 nostra
1108 1299 1237 1332 theatro
1247 1324 1256 1337 ‚

363 1402 369 1407 x
468 1355 635 1390 Versibus
650 1361 686 1390 et
702 1354 818 1400 plaudi
835 1355 951 1390 scribis
963 1382 972 1399 ,
989 1356 1096 1391 amice
1108 1383 1117 1399 ,
1136 1350 1242 1398 meis}

422 1414 481 1450 Nil
498 1414 661 1460 equidem
677 1414 744 1448 feci
762 1416 820 1458 (tu
835 1415 898 1449 scis
917 1414 982 1449 hoe
998 1415 1092 1460 ipse)
1111 1418 1250 1451 theatra.

208 1501 413 1564 Legimus
434 1518 589 1565 nempe
611 1498 696 1547 hoc
723 1511 947 1565 postremo
969 1518 1096 1547 versu
1117 1519 1208 1547 non
1231 1500 1422 1558 theatris,
1452 1513 1503 1549 ut
1522 1502 1620 1550 vul-

211 1597 335 1641 gares
371 1576 472 1624 libri
501 1577 675 1627 ferunt,
707 1575 784 1624 sed
816 1575 985 1624 theatra.
1020 1577 1195 1624 Etenim
1217 1596 1268 1625 ex
1292 1589 1389 1625 toto
1415 1590 1620 1627 contextu

207 1653 485 1702 manifestum
507 1663 595 1709 est⁷
619 1651 827 1699 Ovidium
853 1671 944 1699 non
964 1652 1050 1700 sibi
1071 1652 1200 1710 velle,
1227 1671 1271 1701 se
1293 1653 1403 1701 nihil
1424 1653 1614 1712 theatris,

208 1731 252 1778 id
271 1741 337 1778 est
351 1766 362 1787 ‚
385 1728 440 1776 ad
461 1727 616 1775 theatra
631 1766 642 1783 ,
669 1727 736 1774 vel
760 1727 879 1793 quod
899 1728 1064 1775 theatris
1087 1728 1337 1787 saltaretur‚
1363 1731 1586 1795 scripsisse
1607 1752 1617 1788 3

210 1806 285 1855 sed
320 1806 497 1854 omnino
533 1803 774 1867 significare
792 1841 804 1862 ‚
837 1823 881 1852 sc
916 1804 1044 1852 nihili
1070 1806 1234 1866 seczsse,
1275 1825 1350 1853 seu
1387 1806 1618 1856 aestimasse

208 1883 375 1932 theatra.
403 1884 548 1945 Quem
570 1899 743 1929 sensum
769 1882 927 1929 evincit
949 1893 990 1929 et
1012 1882 1284 1947 subsequens
1307 1883 1574 1946 versiculus:

425 1979 529 2022 Musa
545 1991 609 2013 nec
627 1979 662 2012 in
680 1978 815 2023 plausus
836 1978 1012 2012 ambitiosa
1028 1991 1106 2012 mea
1123 1986 1193 2022 est,
1211 1987 1276 2014 etc.

274 2063 349 2109 lV.
374 2060 446 2108 Ad
469 2079 515 2107 ea
536 2079 671 2125 porro
694 2060 844 2125 tragica
865 2060 1073 2119 carmina,
1100 2080 1194 2127 quae
1217 2074 1316 2111 ante
1337 2062 1423 2111 hoc
1446 2075 1618 2130 tempus

212 2149 400 2205 coeperat
428 2136 629 2202 quidem,
663 2137 735 2184 sed
760 2137 817 2183 ob
840 2138 1050 2185 amatoria
1080 2158 1170 2186 non
1199 2140 1472 2202 absolverat,
1508 2143 1616 2192 refe-

206 2215 388 2264 rendum
412 2213 532 2280 quod
557 2213 691 2260 habet
708 2213 860 2260 Amor.
885 2212 962 2261 lib.
990 2215 1033 2262 ll
1049 2252 1061 2272 ,
1083 2214 1207 2278 Eleg.
1231 2229 1273 2275 1,
1299 2237 1323 2266 a
1345 2237 1453 2268 vers.
1484 2237 1501 2265 1
1517 2237 1533 2266 1
1555 2240 1565 2267 :

424 2311 537 2345 Ausus
553 2322 650 2344 eram
666 2335 675 2352 ,
694 2310 858 2353 memini,
879 2310 1022 2346 caelestia
1041 2311 1154 2347 dicere
1170 2313 1256 2348 bella
1267 2337 1277 2355 ‚

472 2370 793 2414 Centimanumque
810 2369 955 2418 Gygem·
973 2380 1008 2406 et
1025 2374 1103 2407 satis
1120 2373 1188 2408 oris
1202 2381 1276 2408 erat
1291 2387 1298 2408 :

429 2431 554 2475 Quum
574 2430 663 2464 male
679 2443 714 2464 se
732 2430 850 2465 Tellus
866 2432 935 2465 ulta
951 2440 1001 2466 est
1016 2459 1025 2475 ,
1044 2429 1241 2478 ingestaque
1259 2433 1414 2481 Olympo

470 2490 590 2525 Ardua
607 2490 774 2524 devexum
791 2491 913 2526 Pelion
929 2491 1017 2526 Ossa
1034 2493 1122 2527 tulit.

422 2551 464 2584 In
483 2549 643 2584 manibus
659 2550 814 2594 nimbos,
832 2558 867 2585 et
882 2565 962 2585 cum
979 2553 1067 2587 Jove
1081 2552 1213 2588 fulmen
1230 2554 1393 2600 habenti,

469 2609 683 2660 Quodqbene
700 2623 763 2654 pro
779 2611 860 2645 caelo
875 2612 1030 2647 mitteret
1045 2612 1101 2646 ille
1113 2626 1194 2656 suo,

422 2668 554 2703 Clausit
570 2670 678 2704 amica
692 2670 784 2705 fores
801 2683 808 2705 :
825 2684 888 2716 ego
903 2685 983 2706 cum
1000 2673 1087 2707 Jove
1104 2672 1236 2707 fulmen
1252 2674 1370 2715 omisi,
1389 2681 1449 2710 etc-

421 2728 607 2763 Blanditias
622 2729 802 2773 elegosque
816 2730 925 2774 leves,
944 2745 1021 2766 mea
1039 2731 1105 2767 tela
1119 2759 1128 2776 ‚
1147 2734 1310 2778 resumsi,
1329 2740 1392 2768 etc.
