1794 3100
728 213 891 258 IBIS.

155 303 220 356 Ut
241 306 312 356 cui
336 325 464 355 causa
487 306 608 356 necis
631 324 748 355 serra
771 317 941 372 reperta
962 305 1073 364 fuit3

1458 322 1525 354 500

89 383 227 452 Lydia
248 403 294 434 se
316 382 513 451 scopulis
534 395 586 432 ut
604 382 729 447 virgo
754 384 876 433 misit
898 383 954 431 ab
978 383 1080 432 altis
1093 422 1106 443 ‚

139 464 340 512 'Dixerat
361 463 500 511 invito
523 482 620 530 quae
645 462 760 512 mala
783 462 915 511 verba
939 464 1050 512 Deo.

90 542 215 590 Foeta
236 541 321 590 tibi
347 553 551 590 occurrat
576 541 722 608 patrio'
745 540 979 608 popularis
999 541 1045 588 in
1068 558 1196 598 arvo,

157 621 312 687 Sitque
337 620 563 688 Phayllaeae
584 640 712 671 causa
735 620 868 669 leaena
890 620 1025 668 necis.

92 701 274 768 Quique
295 700 574 768 Lycurgiden
593 700 769 758 letavit,
795 711 840 749 et
860 699 1018 748 arbore
1042 710 1220 757 natum,
1464 714 1529 748 505

156 778 431 845 Idmonaque
452 778 660 841 audacem
673 817 685 837 ‚
710 791 752 827 te
776 796 954 844 quoque
976 789 1154 843 rumpat
1175 795 1292 844 aper.

92 858 224 924 Isque
246 855 315 905 vel
337 856 548 905 exanimis
571 856 703 904 faciat
724 856 808 904 tibi
827 854 1008 914 vulnus,
1030 866 1083 903 ut
1101 853 1190 912 illi,

95 974 193 1015 geret
204 993 214 1012 ,
233 980 253 1004 e
268 967 412 1014 scopulo
425 980 461 1003 se
476 980 557 1003 cum
576 966 650 1001 filio
668 968 779 1003 Palae—

94 1032 202 1056 mone
215 1018 346 1057 dimisit
360 1019 397 1055 in
410 1032 508 1056 mare
521 1032 529 1053 ε
542 1019 616 1054 haec
630 1019 779 1054 nutrivit

94 1071 289 1109 Bacchum.

141 1127 219 1161 500.
240 1125 477 1161 Utcuicausa.
490 1123 631 1169 Perdix,
644 1123 780 1159 Daedali

49 1178 51 1180 ’
97 1189 205 1223 nepos
224 1189 266 1213 ex
284 1188 404 1212 surore
418 1202 429 1220 ,
454 1189 564 1222 quum
588 1189 723 1211 serram
746 1183 782 1212 et

95 1227 268 1265 circinum
283 1227 427 1274 ingenio
442 1241 506 1264 suo
523 1228 778 1271 adinvenisset,

97 1277 233 1317 Daedali
247 1280 379 1317 invidia
393 1280 549 1327 dejectus
561 1295 603 1316 ex
618 1282 727 1325 turri,
744 1281 782 1315 in

97 1346 199 1370 avem
212 1333 266 1371 sui
282 1328 437 1371 nominis
451 1340 503 1371 est
515 1346 714 1369 conversus.

141 1387 218 1425 501,
228 1385 351 1432 Lydia.
369 1385 467 1423 Mars
481 1385 588 1422 Ilicen
604 1386 700 1434 Ibyci
715 1386 782 1434 Ly-

98 1436 146 1473 dii
162 1434 271 1473 filiam
288 1438 417 1474 amavit
431 1465 441 1481 ,
467 1451 546 1483 quae
564 1446 640 1474 tuta
656 1439 782 1474 Dianae

98 1487 237 1535 auxilio,
249 1503 385 1529 amores
397 1491 524 1528 Martis
532 1498 780 1535 contemnens,

97 1543 182 1580 diris
211 1544 521 1590 imprecationibus
551 1545 588 1580 in
621 1545 781 1580 furorem

97 1604 172 1634 acta
188 1611 226 1633 se
241 1597 382 1641 demisit
398 1612 417 1635 e
434 1598 588 1645 scopulo.
606 1599 714 1634 DoM.
739 1618 782 1626 --

98 1652 223 1687 brida
240 1650 384 1701 quidam
398 1666 408 1694 ς
425 1652 540 1699 lydia
556 1652 678 1687 nostri.

141 1703 218 1738 502.
232 1704 354 1739 Invita.
371 1703 488 1749 Lego,
506 1706 648 1744 ιἰινίείο,
670 1704 781 1747 (nam

97 1754 132 1789 id
150 1755 348 1802 epithetum
362 1756 471 1792 Marti
489 1757 782 1792 convenientissi-

38 1807 40 1811 ’
98 1820 219 1849 mum,
246 1808 307 1857 qui
323 1809 423 1845 Deus
440 1816 493 1845 est
509 1809 590 1845 belli
607 1811 621 1854 )
644 1809 699 1844 vel
721 1814 782 1844 iu—

99 1864 170 1897 01'50
185 1872 197 1902 ‚·
223 1858 260 1898 id
281 1868 355 1906 est,
384 1861 426 1897 ab
450 1862 521 1907 ipsa
543 1862 625 1897 odio
652 1861 782 1898 habito.

143 1913 220 1949 503.
235 1914 535 1959 Patrhpopularis
551 1919 587 1949 in
603 1929 694 1951 arvo.
713 1915 783 1950 Hic

102 1962 208 1999 ovid.
238 1962 346 2004 Ibidis
381 1967 528 2015 patriam
559 1967 754 2003 subindicat
773 1980 781 2002 ι

102 2030 187 2053 nam
201 2018 302 2055 initio
317 2019 423 2066 hujus
438 2021 564 2066 libelli,
585 2035 666 2058 eum
686 2021 783 2067 quasi

103 2067 275 2118 Libycum
293 2084 368 2108 esse
388 2074 617 2123 ostendimus.
636 2075 783 2110 Etenim

102 2122 262 2161 leonibus
270 2150 281 2168 ,
293 2137 380 2170 quos
389 2127 497 2164 Ibidis
501 2130 682 2174 populares
690 2129 784 2163 Naso

101 2183 221 2220 vocat,
237 2175 348 2225 Libya
365 2185 482 2216 scatet.
500 2180 607 2217 δην.
620 2200 664 2207 -
675 2183 783 2216 Fata.

103 2230 288 2277 Paphagus
297 2259 307 2277 ,
318 2232 514 2268 Ambraciae
525 2247 597 2279 rex,
611 2247 722 2280 quum
732 2234 785 2270 in-

101 2282 241 2319 cidimet
255 2283 292 2319 in
306 2284 456 2320 leaenam
468 2284 588 2320 catulis
602 2286 761 2332 stipatam
773 2312 783 2329 ,

101 2335 138 2371 in
153 2335 262 2372 bortis
275 2337 346 2372 suis
363 2337 405 2372 ab
418 2350 460 2372 ea
472 2344 524 2372 est
535 2337 730 2374 dilaniatus.

147 2390 224 2434 504.
244 2390 357 2436 Sitque
375 2391 565 2437 Phaylloeoe.
583 2390 676 2436 Lege
691 2394 786 2427 Pha-

103 2443 202 2476 lecee
219 2455 260 2476 ex
270 2441 457 2484 Antonino
469 2442 638 2487 Liberali,
655 2443 723 2479 sab.
735 2455 786 2478 lv.

104 2493 310 2531 Parrhasius
321 2509 363 2530 ex
373 2494 516 2530 AEliano
525 2497 696 2543 Phaylleae
704 2497 787 2532 scri·-

102 2549 218 2585 bebat.
233 2549 367 2585 Huius.
388 2551 441 2586 lta
457 2557 493 2584 et
510 2551 629 2585 nostri.

149 2603 226 2638 505.
255 2605 382 2647 Quique
401 2604 612 2649 Lycurgiden
627 2605 793 2638 laceravit

105 2655 149 2688 ab
160 2656 278 2688 arbon·
290 2661 415 2688 natam.
434 2654 555 2690 Scribe
567 2657 688 2689 letavit
697 2661 731 2689 et
739 2668 791 2688 ar-

106 2707 306 2741 harenatum
316 2719 397 2741 cum
405 2706 430 2740 J
432 2707 522 2742 ureti
534 2706 635 2750 libro,
647 2707 788 2752 aliisque

107 2759 306 2802 nonnullis3
327 2766 431 2806 atque
447 2758 494 2795 ita
514 2760 597 2795 citat
613 2760 790 2807 Eutyches

843 967 1115 1003 Grammaticus.
1144 969 1297 1003 letandi
1319 967 1429 1002 verbo
1452 980 1533 1003 usus

845 1019 974 1055 Noster
992 1021 1140 1062 Metam.
1160 1021 1216 1056 ΙΙΙ
1231 1047 1241 1064 ,
1260 1027 1295 1056 et
1311 1020 1476 1066 Virgilius
1496 1021 1533 1055 in

849 1070 992 1115 Culice,
1012 1072 1087 1115 324.
1113 1072 1261 1107 Adonin
1284 1080 1403 1108 autern
1428 1073 1536 1108 intel-

847 1124 932 1169 ligit.
951 1124 1000 1159 H.
1013 1143 1057 1150 —
1078 1126 1205 1169 Quique
1217 1126 1439 1172 Lycurgiden.
1458 1126 1535 1171 Ego

848 1178 1019 1213 Ancaeum
1034 1205 1043 1222 ,
1064 1178 1215 1225 Lycurgi
1236 1185 1272 1213 et
1290 1179 1469 1215 Antinoes
1483 1181 1534 1214 fi-

847 1231 932 1266 lium
947 1258 956 1276 ‚
974 1231 1129 1276 itemque
1143 1232 1348 1268 Adonidem
1368 1241 1403 1269 et
1418 1234 1537 1270 ldmo-

847 1297 930 1319 nem
949 1284 1062 1329 (quos
1077 1291 1112 1319 et
1129 1285 1222 1320 inter
1234 1285 1457 1331 Argonautas
1470 1300 1538 1322 nu-

847 1338 1013 1380 merant)
1031 1336 1188 1382 intelligo
1204 1350 1213 1378 ;
1234 1337 1314 1372 vide
1327 1338 1534 1385 Hyginum,

847 1400 919 1434 cap.
936 1389 999 1434 247
1014 1414 1023 1431 ‚
1043 1388 1086 1423 de
1103 1388 1142 1423 iis
1162 1389 1222 1434 qui
1239 1389 1313 1434 apri
1330 1390 1402 1425 ictu
1419 1391 1540 1425 conci-

848 1441 1086 1477 derunt—Et
1101 1444 1219 1477 arbore
1235 1447 1362 1477 natum.
1376 1443 1537 1479 Adonim

846 1493 1022 1540 intelligit,
1036 1493 1172 1541 Cinyra
1182 1493 1291 1542 Cypri
1302 1508 1384 1541 rege
1394 1503 1430 1531 et
1441 1497 1538 1545 Myr-

847 1547 911 1582 rha
922 1548 992 1592 jam
1007 1548 1132 1582 arbore
1149 1555 1274 1583 natum
1286 1574 1296 1591 ‚
1316 1562 1425 1594 quem
1440 1550 1535 1595 juve-

847 1613 932 1635 nem
952 1600 1071 1645 Mars,
1091 1601 1127 1635 in
1147 1601 1244 1646 porci
1263 1601 1438 1648 sylvestris
1458 1617 1535 1649 spe-

847 1653 936 1688 ciem
954 1652 1184 1698 formamque·
1199 1661 1356 1689 mutatus
1375 1681 1384 1698 ,
1409 1663 1447 1690 ut
1468 1655 1536 1692 sibi

847 1705 984 1751 primas
1003 1706 1041 1740 in
1067 1717 1187 1740 amore
1206 1705 1358 1741 Veneris
1378 1707 1537 1743 vindica-

848 1764 931 1801 ret,
959 1757 1097 1795 incaute
1126 1764 1249 1792 contra
1275 1771 1312 1792 se
1343 1767 1532 1802 ruentem,

847 1809 1016 1855 percussit
1029 1823 1038 1851 ;
1053 1809 1132 1844 vide
1146 1810 1317 1845 Nostrum
1333 1810 1393 1845 lib.
1411 1812 1444 1846 X
1456 1811 1533 1846 Me-

847 1863 1023 1908 tamorph.
1037 1865 1130 1901 Vm..
1140 1863 1266 1900 Anna,

892 1917 967 1951 505.
979 1918 1192 1961 Idmonaque.
1205 1915 1349 1960 Idmon,
1361 1917 1534 1962 Apollinis

847 1975 883 2004 et
894 1967 1069 2004 Pheretiae
1078 1967 1168 2004 filius
1182 1981 1190 2003 :
1203 1968 1269 2012 vel¹
1279 1976 1318 2004 ut
1330 1968 1385 2004 alii
1397 1970 1533 2012 volunt,

847 2019 1007 2056 Asteriae.
1018 2020 1064 2056 Et
1077 2023 1240 2056 audacem
1253 2028 1354 2065 poeta
1366 2021 1466 2056 illum
1478 2035 1537 2056 vo-

847 2082 914 2118 cat,
929 2075 1024 2120 quia,
1038 2087 1149 2120 quum
1160 2074 1261 2110 sciret
1271 2088 1306 2109 se
1320 2075 1357 2109 in
1367 2074 1423 2109 illa
1433 2088 1534 2119 expe-

849 2127 983 2163 ditione
1011 2130 1024 2172 (
1042 2135 1119 2163 erat
1136 2128 1234 2164 enim
1252 2135 1347 2163 vates
1363 2128 1376 2171 )
1397 2128 1535 2173 peritu-

847 2192 956 2214 rum:
976 2187 1095 2216 tamen
1124 2193 1194 2214 una
1217 2193 1299 2216 cum
1321 2180 1536 2226 Argonautis

850 2233 948 2278 Argo
962 2234 1080 2268 navim
1098 2233 1313 2269 conscendit.
1337 2233 1535 2279 Quumque

850 2286 1069 2331 aliquantum
1087 2300 1107 2322 a
1122 2286 1221 2321 sociis
1240 2287 1433 2322 secessisset
1453 2313 1461 2329 ,
1491 2287 1534 2321 ab

849 2352 935 2385 apro
966 2339 1097 2375 occisus
1128 2346 1180 2374 est
1198 2365 1208 2383 ,
1237 2347 1276 2374 ut
1302 2338 1470 2384 Orpheus
1498 2347 1539 2374 et

850 2392 1059 2438 Apollonius
1078 2399 1261 2428 testantur.
1416 2426 1421 2432 ,

895 2449 971 2493 507.
987 2448 1086 2492 Isque
1099 2448 1163 2481 vel.
1185 2447 1229 2481 In
1251 2459 1333 2491 agro
1358 2444 1537 2481 Possidio-

850 2498 1028 2534 niatarum
1051 2499 1089 2532 in
1113 2498 1256 2543 regione
1274 2494 1517 2543 Andragathia
1534 2511 1542 2532 ε

852 2564 947 2597 quae,
967 2564 1076 2597 quum
1090 2550 1255 2586 venando
1264 2550 1466 2594 excelleret,
1483 2563 1537 2584 ca-

852 2610 1061 2649 ptarumque
1080 2602 1234 2638 serarum
1249 2602 1362 2648 capita
1379 2609 1414 2636 et
1431 2601 1535 2646 pedes

853 2655 979 2691 Dianae
990 2656 1155 2698 vovisset,
1167 2654 1415 2700 captojngenti
1431 2666 1515 2699 apro
1527 2681 1537 2696 ,

853 2708 967 2743 solum
982 2714 1086 2754 caput
1105 2707 1222 2742 arbori
1245 2706 1435 2752 adpendit,
1459 2707 1537 2742 Dea

852 2767 1057 2806 contempta
1072 2774 1082 2802 ;
1100 2772 1181 2794 mox
1193 2771 1303 2804 quum
1320 2760 1446 2793 eodem
1462 2759 1538 2795 loco
