1794 3100
258 237 315 279 82
637 237 690 278 P.
732 237 969 284 OVIDII
1006 241 1309 288 NASONIS

473 326 592 372 thue
614 327 679 363 hoc
693 355 702 371 ‚
718 329 768 364 sic
782 330 917 365 utinam
931 331 1120 369 defendere
1135 341 1249 370 cetera
1265 338 1399 381 posses!

518 387 592 423 Scis
608 389 700 424 aliud
711 415 720 433 ‚
738 390 832 435 quod
854 398 886 426 te
903 391 1027 428 laeserit
1038 419 1048 437 ,
1068 407 1139 430 esse
1155 396 1275 442 magis.

256 466 316 513 Et
338 463 385 512 in
410 478 566 531 quarto
592 465 647 514 ad
672 467 853 526 Carum,
879 470 1021 537 Epist.
1049 484 1140 519 XIII
1160 493 1170 520 :

469 564 531 599 Ille
549 564 692 610 quidem
710 566 814 609 dixit;
831 568 891 602 sed
909 581 965 603 me
982 570 1053 615 jam
1065 596 1075 614 ,
1095 569 1186 606 Care
1200 598 1209 615 ,
1228 571 1333 607 nivali

516 624 620 659 Sexta
635 626 827 672 relegatum
844 627 971 663 bruma
985 630 1048 664 sub
1065 643 1124 664 axe
1140 631 1245 667 videt.

474 683 642 721 Carmina
657 686 707 721 nil
722 695 869 732 prosunt
885 701 893 722 ε
911 698 1110 726 nocuerunt
1123 693 1279 728 carmina
1296 694 1475 738 quondam
1485 721 1494 738 ‚

513 746 702 792 Primaque
720 756 791 783 tam
810 749 946 786 miserae
961 764 1061 787 causa
1076 752 1175 788 fuere
1190 753 1292 799 fugae.

252 821 455 869 Secundo
477 823 581 871 item
606 824 660 873 de
684 826 818 874 Trist.
839 828 900 875 ait
918 847 928 875 :

475 921 553 956 Cur
571 922 699 968 aliquid
718 924 787 959 vidi
801 925 816 959 ?
833 938 899 976 cur³
911 927 1012 961 noxia
1028 927 1160 964 lumina
1176 929 1273 965 feci?

518 981 595 1016 Cur
609 983 825 1028 imprudenti
839 987 976 1030 cognita
992 987 1090 1033 eulpa
1106 987 1191 1023 mihi
1207 989 1283 1024 est?

468 1042 603 1077 Inscius
620 1043 763 1079 Actaeon
779 1045 866 1080 vidit
883 1046 956 1080 sine
974 1054 1066 1081 veste
1088 1047 1261 1084 Dianam:

513 1103 636 1138 Praeda
650 1103 716 1138 suit
732 1105 873 1140 canibus
891 1118 964 1140 non
979 1106 1096 1142 minus
1116 1108 1172 1142 ille
1188 1110 1278 1151 suis;

245 1192 287 1229 ct
309 1181 356 1228 in
379 1181 531 1230 eodem
547 1219 558 1240 ,
582 1182 628 1229 in
650 1182 761 1231 fine:

464 1279 703 1326 Carminaque
722 1281 900 1317 edideram
911 1310 920 1327 ‚
939 1296 1047 1329 quum
1064 1292 1097 1318 te
1114 1284 1236 1320 delicta
1250 1294 1433 1322 notantem

508 1341 669 1376 Praeterii
685 1342 784 1378 toties
798 1343 1007 1388 irrequietus
1024 1358 1138 1389 eques.
1161 1382 1174 1387 ,

465 1401 561 1446 Ergo
577 1414 653 1446 quae
669 1402 789 1447 juveni
803 1403 890 1438 mihi
906 1417 978 1440 non
995 1406 1154 1441 nocitura
1171 1409 1307 1452 putavi,
1356 1437 1358 1439 ,

504 1461 640 1506 Scripta
655 1475 778 1507 parum
796 1465 968 1515 prudens,
988 1479 1083 1502 nunc
1099 1480 1251 1504 nocuere
1267 1470 1350 1504 seni.

463 1522 550 1557 Sera
567 1523 776 1559 redundavit
792 1525 916 1560 veteris
932 1526 1086 1578 vindicta
1101 1527 1227 1576 libelli„

506 1583 622 1621 Distat
635 1591 671 1618 et
685 1597 705 1618 a
721 1585 836 1621 meriti
853 1593 1011 1631 tempore
1027 1598 1128 1633 poena
1142 1589 1194 1624 sui
1209 1604 1217 1631 ;

245 1672 288 1709 et
309 1661 356 1709 in
378 1661 530 1720 tertio,
554 1662 682 1725 Eleg.
706 1677 739 1710 V
763 1684 772 1711 τ
794 1728 796 1731 ἡ
838 1682 841 1685 ’
904 1668 923 1688 ”

466 1759 579 1795 Inscia
594 1760 689 1805 quod
705 1751 838 1797 crimen
856 1762 1018 1799 &iderunt
1037 1761 1190 1808 lumina,
1208 1765 1359 1810 plector:

512 1822 903 1867 Peccatumqueoculos
919 1831 971 1858 est
984 1824 1146 1859 ,habuisse
1161 1838 1301 1868 meum.¹
1341 1843 1345 1847 -

465 1884 546 1919 Non
563 1883 733 1928 equidem.
745 1891 854 1918 totam
872 1897 1012 1929 possum
1028 1885 1217 1921 defendere
1232 1888 1390 1933 culpam-z

510 1945 581 1980 Sed
596 1951 733 1990 partem
749 1946 858 1979 nostri
873 1944 1027 1980 criminis
1043 1958 1144 1980 error
1158 1946 1272 1982 habet.
1298 1972 1300 1975 -

246 2023 426 2088 Ubique
448 2023 585 2085 igitur
608 2018 746 2071 exsilii
773 2042 942 2071 causam
963 2035 1056 2071 tum
1081 2022 1222 2073 libros
1243 2025 1295 2073 de
1314 2027 1422 2074 Arte
1437 2065 1449 2084 ‚
1477 2040 1571 2076 tum
1594 2023 1663 2078 er-

244 2118 389 2147 rorem
403 2099 536 2148 fuisse
558 2113 866 2148 commemorat
887 2121 895 2148 :
917 2102 1015 2169 quis
1029 2120 1131 2148 vero
1151 2101 1224 2149 ille
1244 2121 1367 2151 error
1383 2104 1528 2163 fuerit,
1546 2122 1662 2155 mm-

246 2197 378 2244 quam
399 2177 596 2244 aperuit,
618 2197 674 2226 ne
692 2166 1084 2241 magis’Augustus
1104 2180 1190 2227 sibi
1208 2180 1476 2231 irasceretur.
1498 2185 1661 2232 Verum

247 2253 350 2319 quia
365 2290 377 2310 ‚
412 2265 464 2301 ut
486 2253 580 2318 ipse
604 2252 664 2300 ait
677 2290 688 2310 ‚
720 2254 909 2301 Nitimur
933 2254 973 2301 in
1006 2255 1174 2303 vetimm
1211 2264 1377 2321 semper,
1407 2258 1661 2325 cupimusque

244 2339 387 2395 negata
400 2349 417 2385 ‚·
451 2329 660 2395 quidnam
683 2329 729 2377 id
750 2330 904 2388 fuerit,
927 2330 1107 2397 plurimi
1131 2333 1240 2382 scire
1274 2333 1418 2383 conati
1446 2347 1550 2383 sunt
1569 2373 1581 2394 ‚
1615 2348 1660 2385 et

244 2418 428 2455 conatur
446 2424 616 2472 semper
629 2406 787 2474 aliquis
805 2427 814 2454 :
842 2421 1112 2475 quapropter
1133 2410 1340 2476 suspicati
1357 2423 1462 2459 sunt
1482 2412 1659 2477 quidam

246 2494 373 2548 turpe
403 2483 583 2550 aliquod
623 2483 816 2547 Augusti
851 2498 1072 2534 secretum·
1097 2506 1199 2535 casu
1232 2487 1390 2536 vidisse
1416 2489 1658 2549 Ovidium;

245 2561 366 2627 quod
394 2581 481 2608 non
504 2562 670 2628 placet,
705 2563 806 2628 quia
830 2565 961 2612 toties
985 2565 1234 2630 objiciendo
1259 2566 1426 2625 scelus,
1452 2567 1660 2615 immitio-

242 2654 335 2684 rem
355 2636 616 2685 reddidisset
634 2639 867 2697 Caesarem,
897 2660 1026 2706 quem
1043 2640 1178 2688 lenire
1195 2652 1238 2689 et
1252 2641 1421 2707 placare
1436 2642 1653 2691 studebat.

244 2714 332 2762 Alii
347 2733 449 2765 vero
464 2752 476 2774 ‚
504 2715 626 2780 quod
647 2717 840 2778 Augusti
858 2716 993 2765 filiam
1015 2717 1098 2765 sub
1124 2717 1235 2766 falso
1257 2719 1460 2767 Corinnae
1480 2719 1657 2768 nomine
