1794 3100
540 248 666 291 PER
700 248 744 290 J,
780 244 1080 291 MASSON.
1448 246 1530 306 169

108 345 244 404 bitur,
259 345 298 393 si
316 343 620 401 observemus,
628 361 770 409 pacem
787 360 887 390 cum
900 339 1083 396 Parthis,
1099 357 1214 387 anno
1228 338 1538 405 subsequente,

110 426 167 473 U.
185 423 235 472 C.
260 433 414 471 DCCLV
430 420 599 478 medio,
618 420 908 488 compositam
925 438 1018 468 esse
1030 456 1041 477 ‚
1062 418 1128 466 uti
1148 417 1256 466 alibi
1279 424 1289 442 ¹
1308 430 1412 484 post
1430 437 1542 484 prae-

108 500 335 550 laudatum
350 498 576 547 Norisium
608 497 814 564 pluribus
832 497 1065 554 evicimus;
1088 515 1216 563 quam
1235 507 1378 544 tamen
1392 514 1541 562 pacem

108 579 308 629 nondum
332 578 538 642 agitatam
573 589 666 625 tum
689 576 824 626 fuisse
841 616 852 635 ‚
889 595 1025 643 quum
1056 578 1222 634 Noster
1243 595 1291 624 ea
1313 575 1544 632 scriberet,

111 676 164 706 ex
188 656 345 706 iisdem
366 655 513 724 palam
533 655 604 713 fit,
627 674 719 703 non
746 673 871 704 secus
891 673 939 702 ac
962 673 1014 702 ex
1033 672 1142 717 vers.
1170 653 1264 701 223
1285 666 1329 702 et
1355 653 1447 714 224
1468 673 1477 700 :

333 772 511 818 Tempora
529 783 596 806 nec
610 783 759 806 numera
772 796 782 814 ,
799 783 865 805 nec
880 769 1003 806 crebro
1021 770 1152 814 respice
1170 769 1323 804 Romam
1338 783 1347 811 ;

377 833 547 905 Sedefuge
562 845 570 868 ι
586 818 681 868 futus
697 834 808 867 adhuc
819 834 966 867 Parthus
985 831 1027 865 ab
1046 831 1144 866 hoste
1151 831 1244 876 suga
1260 838 1329 866 est:

115 929 233 978 unde
259 948 350 978 non
372 927 486 977 male
507 928 624 976 idem
645 925 1016 976 eminentissimus
1041 926 1107 973 vir
1130 924 1326 988 colligit,
1354 924 1547 973 Parthos

117 1025 208 1056 rem
231 1005 385 1073 praelio
409 1005 640 1054 decernere
658 1003 949 1052 detrectantes
967 1040 979 1060 ‚
999 1002 1113 1051 intra
1130 1002 1370 1051 munitiora
1388 1001 1551 1069 oppida

120 1102 166 1132 se
184 1083 469 1132 continuisse.

185 1164 244 1211 11.
273 1163 490 1213 Praeterea
506 1162 627 1210 Naso
647 1160 888 1224 significat,
912 1178 957 1209 se
973 1161 1094 1208 hunc
1113 1159 1404 1208 Remediorum
1420 1159 1553 1207 Amo-

123 1240 178 1288 ris
209 1238 374 1287 librum
405 1236 553 1304 aliquo
578 1248 683 1303 post
708 1239 861 1286 Artem
884 1237 1147 1287 Amatore'am
1179 1249 1378 1304 tempore
1403 1254 1553 1284 exara-

122 1317 262 1376 visse}
285 1334 423 1384 quum
444 1315 508 1364 sic
530 1314 707 1363 orditur
727 1335 737 1362 :

343 1431 493 1478 Legerat
505 1430 610 1477 hujus
628 1430 742 1465 Amor
758 1430 901 1465 titulum
914 1442 1116 1475 nomenque
1133 1428 1256 1464 libelli:

389 1492 486 1527 Bella
501 1491 587 1526 mihi
599 1518 609 1536 ,
626 1491 730 1526 video
742 1518 751 1536 ,
770 1491 857 1526 bella
875 1498 1043 1536 parantur
1054 1518 1063 1535 ‚
1080 1492 1136 1526 ait.

344 1554 453 1590 Parce
468 1560 570 1589 tuum
585 1560 702 1588 vatem
718 1553 855 1588 sceleris
871 1552 1039 1588 damnare
1049 1579 1058 1596 ,
1079 1552 1220 1598 Cupido
1232 1578 1241 1596 ,
1260 1559 1324 1587 etc.

348 1614 449 1660 Saepe
465 1620 588 1660 tepent
604 1613 659 1649 alii
673 1614 819 1659 juvenes
835 1627 842 1648 :
858 1626 923 1660 ego
937 1627 1077 1660 semper
1093 1614 1226 1656 amavi;

394 1675 442 1710 Et
455 1675 483 1710 si
498 1701 508 1718 ,
526 1674 609 1720 quid
625 1675 750 1711 faciam
765 1689 863 1710 nunc
878 1688 1017 1721 quoque
1030 1702 1040 1719 ,
1058 1675 1202 1721 quaeris3
1222 1687 1311 1710 amo.

350 1736 451 1783 Quin
469 1736 575 1771 etiam
592 1739 709 1776 docui,
732 1749 799 1782 qua
814 1737 920 1781 possis
937 1736 1046 1771 ARTE
1064 1736 1176 1781 parari
1192 1751 1201 1778 3

390 1798 439 1833 Et
457 1798 551 1844 quod
567 1811 664 1833 nunc
679 1798 768 1833 ratio
784 1805 836 1834 est
848 1824 857 1842 ,
875 1798 1027 1844 impetus
1046 1805 1127 1833 ante
1141 1797 1217 1833 suit.

346 1859 421 1896 Nec
438 1868 471 1895 te
484 1886 494 1905 ‚
511 1859 637 1895 blande
654 1873 762 1907 puer,
780 1874 847 1895 nec
863 1870 1027 1896 NOSTRAS
1045 1859 1227 1906 prodimus
1243 1860 1371 1895 An'rns
1386 1874 1394 1901 3

361 1939 365 1941 >
391 1922 467 1958 Nec
481 1935 573 1957 nova
583 1925 783 1966 praeteritum
799 1922 903 1957 Musa
920 1922 1045 1957 retexit
1060 1911 1152 1967 opus.

201 2019 281 2067 Ill.
320 2019 561 2079 Caeterum,
590 2018 693 2068 licet
723 2019 924 2083 vulgares
954 2018 1060 2067 editi
1087 2018 1259 2066 codices
1277 2017 1370 2065 haec
1391 2016 1564 2066 Amoris

134 2094 337 2146 Remedia
357 2095 405 2143 in
427 2095 541 2145 duos
564 2095 763 2157 dividant
787 2096 956 2153 libros,
990 2095 1062 2144 alii
1095 2108 1241 2144 tamen
1270 2094 1390 2143 MSS
1425 2112 1560 2141 uuum

136 2174 272 2224 modo
285 2172 450 2222 librum
464 2173 651 2232 faciunt,
675 2186 726 2223 ut
743 2173 1067 2224 illustrissimus
1087 2172 1232 2223 Nicol.
1254 2172 1466 2221 Heinsius
1483 2191 1565 2219 nos

137 2252 301 2301 docuit.
341 2252 433 2300 Nec
454 2250 579 2300 aliter
602 2251 787 2317 ipsemet
811 2252 1026 2311 Ovidius,
1052 2252 1129 2319 qui
1153 2270 1281 2300 versu
1311 2269 1329 2297 1
1354 2251 1442 2316 jam
1465 2269 1564 2316 pro-

137 2328 229 2378 lato
251 2328 430 2378 libellum
454 2328 539 2376 hoc
562 2347 720 2395 poema
742 2341 893 2388 vocat,
916 2329 1177 2377 observante
1198 2327 1353 2377 eodem
1377 2326 1429 2375 cl.
1454 2327 1562 2374 viro.

139 2407 414 2456 Haecssamen
433 2405 573 2465 ratio,
595 2406 632 2454 si
654 2405 748 2455 sola
771 2406 907 2465 foret,
932 2407 1025 2455 rem
1049 2406 1208 2454 invicte
1232 2425 1325 2453 non
1343 2403 1565 2460 definiret,

141 2484 498 2551 quandoquidem
522 2487 686 2533 Noster
709 2485 839 2533 libelli
858 2503 1036 2552 quoque
1053 2484 1230 2533 nomine
1249 2484 1400 2532 Artem
1423 2485 1567 2530 Ama-

140 2562 286 2610 ton'am
322 2563 465 2611 tribus
497 2562 625 2612 libris
658 2574 905 2612 contextam
936 2562 1169 2625 indigitat,
1206 2561 1341 2610 Trist.
1378 2559 1454 2609 lib.
1491 2561 1565 2612 ΙΙ,

143 2658 252 2688 vers.
282 2639 388 2702 545.
793 2635 795 2637 ¹

188 2773 198 2792 ¹
223 2772 306 2807 Jani
324 2772 441 2819 templ.
459 2773 578 2810 Reser.
596 2787 671 2819 pag.
691 2775 859 2810 350-352.
