1794 3100
217 260 223 263 ’
274 255 332 299 68
505 253 872 299 EXCURSUS
907 253 975 300 IN
1008 254 1245 299 OVIDII
1279 255 1445 299 IBIN.

272 348 390 396 Hinc
412 347 656 413 Hesychius
680 353 863 414 Κινύφιον
881 384 892 405 ,
923 347 1095 414 inquit,
1127 353 1193 396 τὸν
1214 342 1379 397 Ᾱνταιόν
1404 354 1481 398 ἀπὸ
1506 353 1687 416 Κινύφου

271 434 341 475 τοῦ
368 433 543 488 ποταμοῦ
558 461 570 481 ,
596 426 767 473 tametsi
794 437 989 483 constet,
1014 426 1177 488 regiam
1200 426 1345 475 Antaei
1366 427 1420 475 ad
1449 439 1687 476 extremum

271 505 497 553 Oceanum
533 501 667 550 fuisse
701 521 711 549 ε
742 502 858 550 unde
887 513 1090 568 apparet,
1130 502 1398 568 Cinyphiam
1432 502 1688 565 generaliter

270 581 385 629 sumi
401 600 484 647 pro
501 579 669 644 Libyco
680 615 693 635 ‚
717 597 838 626 more
852 578 1015 626 scilicet
1026 590 1254 644 poetarum
1268 615 1280 635 ‚
1300 578 1462 644 quibus
1479 579 1687 643 usitatum

266 656 475 725 peculiari
497 656 628 704 unius
655 655 741 704 loci
772 656 947 705 nomine
970 667 1108 703 totam
1140 655 1364 718 designare
1400 654 1683 721 provinciam.

266 735 419 800 Neque
437 751 539 781 vero
558 733 689 780 refert
704 733 823 798 quod
837 733 929 780 Ibis
941 769 953 790 ,
974 732 1074 779 licet
1089 733 1347 798 AEgyptius‚
1366 732 1423 780 ad
1443 732 1687 800 Cinyphem

267 811 411 860 editus
433 810 625 873 fingatur
649 830 659 857 ε
685 822 825 876 poetae
849 810 1064 875 siquidem
1086 828 1178 858 non
1200 810 1333 858 semel
1355 809 1583 872 regionum
1606 829 1687 857 no-

264 888 460 936 minibus
472 898 657 954 propter
674 886 874 934 viciniam
893 886 1152 934 abutuntur.
1176 886 1247 934 Sic
1262 886 1377 933 enim
1396 885 1685 945 Claudianus,

265 975 311 1012 et
333 964 427 1030 ipse
446 962 769 1011 Alexandrinus
784 1000 795 1020 ‚
817 963 893 1028 qui
908 980 1089 1012 uxorem
1102 963 1147 1009 in
1166 963 1307 1027 patria
1325 963 1520 1020 duxerat,
1537 963 1687 1028 Libyae

263 1037 558 1105 appellatione
579 1057 685 1086 usus
709 1049 802 1094 est3
828 1037 1031 1102 idemque
1055 1036 1334 1094 Pelusiacas,
1368 1049 1412 1084 et
1437 1037 1689 1103 Canopicus

266 1136 292 1165 a
310 1116 495 1170 Sidonio
514 1115 657 1163 dictus
675 1126 767 1173 est,
799 1133 933 1180 quum
948 1126 1091 1163 tamen
1104 1113 1378 1163 Alexandriae
1395 1126 1524 1163 natus
1548 1126 1684 1196 esset3

266 1195 329 1244 sic
351 1193 580 1243 Ausonius
605 1192 839 1240 scribens
828 1211 873 1239 m
896 1191 1245 1259 Monosyllabis.

433 1291 663 1335 Threicium,
682 1291 851 1338 Libycum
866 1290 974 1333 freta,
995 1287 1298 1349 Cimmeriivrnque
1311 1289 1399 1326 serat
1412 1289 1484 1326 bos.

265 1374 352 1421 Per
385 1371 584 1438 Libycum
611 1368 817 1432 intelligit
842 1369 1082 1434 AEgyptum
1101 1408 1112 1426 ‚
1137 1381 1195 1417 ut‘
1210 1358 1400 1432 Scaliger
1423 1358 1680 1423 observavit.

267 1451 340 1498 Sic
354 1449 487 1498 Persa
510 1467 590 1515 pro
609 1447 745 1495 Medo
766 1458 810 1495 et
831 1459 980 1494 contra
1002 1467 1010 1494 :
1038 1447 1098 1495 sic
1118 1448 1160 1494 in
1185 1447 1416 1496 Catalectis
1436 1439 1683 1514 Gallus'pro

266 1527 480 1575 Britanno
496 1562 508 1583 ,
532 1537 713 1591 propter
735 1523 963 1589 utriusque
985 1525 1127 1586 gentis
1148 1519 1425 1573 vicinitatem.
1463 1525 1553 1580 Ita,
1580 1542 1685 1590 quo-

271 1606 389 1653 niam
423 1601 723 1651 Hadriaticum
748 1619 861 1648 mare
885 1601 1014 1648 Ionio
1038 1600 1339 1664 conjungitur,
1362 1606 1460 1648 κατὰ
1482 1601 1684 1662 μετάδοσιν

267 1692 336 1733 τοῦ
371 1687 555 1743 ὀνόματος
580 1678 755 1727 Ionium
780 1675 1048 1744 appellatur,
1086 1689 1130 1724 et
1159 1677 1335 1724 Ionium
1364 1676 1558 1741 vicissim
1588 1677 1682 1729 Ha—

269 1759 521 1814 driaticum,
547 1767 598 1803 ut
621 1753 850 1820 Apollonii
874 1752 1146 1801 scholiastes,
1163 1752 1216 1799 ad
1237 1754 1470 1818 Argonaat.
1490 1750 1573 1818 vlib.
1594 1752 1680 1808 IV,

269 1851 313 1886 et
332 1833 598 1886 Eustachius
624 1831 677 1878 ad
704 1830 908 1896 Dionysii
933 1829 1181 1891 Perlegesin
1202 1841 1370 1876 notant.
1398 1828 1583 1876 Ovidius
1605 1846 1683 1874 au-

269 1926 357 1961 tem
381 1930 469 1977 quo
492 1911 873 1970 στοματομολυνσιαν
888 1904 1004 1965 Ibidi
1029 1923 1110 1953 suo
1134 1904 1438 1969 exprobraret,
1448 1903 1585 1989 'juxta
1610 1902 1681 1949 Ci-

268 1988 459 2055 nyphem
483 1996 633 2034 natum
655 1983 819 2044 fingere
841 1980 948 2028 mihi
972 1980 1164 2034 videtur,
1189 1978 1268 2026 ubi
1291 1978 1585 2044 procerissimi
1606 1997 1682 2026 na

271 2072 452 2117 scuntur
471 2061 613 2116 hilei,
644 2059 719 2124 qui
743 2057 843 2104 inde
868 2054 1078 2120 Cinyphii
1102 2054 1307 2101 dicuntur
1329 2053 1464 2110 Silio,
1488 2052 1565 2100 lib.
1588 2048 1679 2111 III;

271 2140 488 2197 Martiali,
513 2139 590 2185 lib.
606 2139 684 2184 Vll
707 2133 1091 2200 ‚Epigrammate
1081 2151 1126 2179 m
1145 2131 1326 2190 Linum;
1347 2131 1452 2179 item
1472 2131 1677 2200 Virgilio,

253 2221 427 2284 ·Georg.
449 2217 526 2264 lib.
550 2217 639 2272 Ill,
667 2232 801 2278 quum
824 2211 885 2258 ait
904 2231 914 2257 :

486 2314 559 2348 Nec
574 2311 690 2345 minus
706 2310 837 2343 interea
852 2308 973 2341 barbas
985 2333 994 2349 ,
1013 2305 1203 2350 incanaque
1218 2312 1336 2357 menta

492 2364 658 2412 Cinyphii
673 2363 822 2397 tondent
838 2361 952 2395 hirci..
963 2387 971 2395 .

271 2448 357 2497 Sed
376 2447 467 2494 haec
487 2445 699 2491 hactenus
718 2458 813 2505 quae
832 2458 912 2504 pro
931 2436 1164 2504 compertis
1180 2454 1270 2483 non
1293 2434 1521 2490 tradimus,
1541 2433 1683 2481 donec

271 2541 402 2589 super
421 2521 476 2568 iis
498 2518 649 2566 habita
671 2516 760 2564 sint
778 2513 1023 2562 doctiorum
1044 2512 1232 2559 comitia.

508 2662 652 2691 1²1le
691 2657 953 2688 EXCURSUS
990 2656 1042 2685 ΙΝ
1080 2655 1253 2683 ovinll
1292 2653 1419 2682 IBIN.
