1794 3100
260 236 345 264 210
685 221 736 263 P.
774 220 1023 264 OVIDII
1063 219 1243 263 VITA

325 314 404 361 IV.
426 314 540 361 Ante
564 331 663 360 vero
688 332 817 378 quam
845 313 1031 361 Ovidius
1056 312 1209 360 Tomos
1223 311 1446 378 petiisset,
1470 323 1516 360 et
1542 330 1677 379 quum

260 391 403 439 adhuc
435 390 482 438 in
517 391 671 439 itinere
706 402 844 447 esset,
874 390 1049 456 priorem
1088 389 1284 437 Tristium
1313 389 1458 437 librum
1491 390 1679 438 Romam

259 468 393 516 misit.
416 470 514 516 Hoc
535 468 730 533 probant
747 486 843 533 quae
869 466 922 515 ad
943 467 1211 532 superiorem
1232 486 1300 515 an.
1325 486 1371 515 n.
1395 479 1445 515 x1
1467 467 1675 523 diximus,

260 556 303 593 et
319 545 440 610 quod
456 547 630 601 Noster,
648 543 717 591 El.
733 556 764 600 Ι,
779 542 941 592 librum
954 543 1196 610 adloquens
1210 544 1358 600 habet,
1368 563 1432 593 vs.
1456 545 1512 606 [μ
1530 555 1573 593 et
1586 545 1646 606 42
1665 563 1676 593 ε

483 641 649 675 Carmina
666 653 837 676 secessum
855 640 1035 676 scribentis
1049 648 1085 676 et
1103 641 1170 677 otia
1186 649 1346 686 quoerunt
1362 654 1370 675 :

520 701 582 735 Me
599 714 696 735 mare
709 727 718 744 ‚
739 713 796 735 me
811 701 906 736 venti
920 727 929 744 ‚
948 713 1004 736 me
1020 701 1093 736 fera
1109 701 1212 745 iactat
1229 701 1364 748 hyems.

260 782 321 829 At
354 781 400 828 in
435 781 628 828 Pontum
664 781 734 827 vix
768 790 971 835 venerat,
1026 797 1161 844 quum
1196 770 1362 826 librum
1394 778 1441 825 II
1475 779 1679 840 Augusto

260 857 453 924 scripsit,
479 868 528 904 ut
554 875 631 905 sua
655 854 902 903 defenderet
926 855 1106 902 crimina
1121 892 1133 911 ‚
1161 854 1326 920 quibus
1345 873 1396 902 eo
1416 853 1574 920 pulsus
1584 853 1680 902 fue-

259 946 350 990 rat,
366 944 496 998 atque
510 943 560 979 ut
572 931 723 978 mitius
740 929 939 978 exsilium
954 930 1176 996 pauloque
1188 929 1484 995 propinquius
1495 939 1675 995 peteret‘

324 1010 449 1074 Quin
473 1009 602 1057 etiam
624 1007 757 1075 paulo
781 1019 885 1074 post
907 1007 1143 1054 adventum
1166 1006 1341 1069 Elegias
1363 1005 1469 1054 libri
1486 1007 1554 1054 III
1572 1024 1680 1054 con-

260 1088 449 1154 scripsit.
479 1087 594 1135 Hinc
620 1098 686 1134 est
711 1085 833 1151 quod
851 1084 976 1147 Eleg.
1003 1098 1039 1132 ΙΙ
1066 1085 1126 1132 sic
1152 1104 1309 1133 orsus:

480 1184 577 1230 Ergo
594 1191 669 1218 erat
684 1183 719 1217 in
738 1183 814 1217 satis
830 1182 1010 1230 Scythiam
1028 1195 1167 1228 quoque
1183 1181 1292 1218 visere
1309 1180 1436 1217 nostris
1450 1195 1457 1215 ι

260 1262 383 1310 addit
404 1281 514 1310 vers.
546 1260 601 1309 15
625 1282 634 1308 :

480 1359 577 1393 Dum
597 1366 716 1393 tamen
732 1365 766 1393 et
782 1358 882 1393 terris
900 1357 1025 1392 dubius
1043 1357 1242 1401 jactabam&
1257 1355 1359 1391 undis
1372 1383 1381 1399 ‚

524 1416 678 1450 Fallebat
694 1428 793 1450 curas
806 1427 962 1460 aegraque
978 1413 1083 1449 corda
1098 1413 1203 1448 labor.

477 1472 530 1507 Ut
546 1472 599 1506 via
617 1472 716 1506 finita
732 1478 783 1506 est
795 1498 803 1511 ,
823 1478 858 1505 et
877 1483 963 1515 opus
978 1469 1148 1515 requievit
1162 1468 1269 1503 eundi
1281 1494 1290 1512 ‚

523 1527 570 1561 Et
582 1538 693 1571 poenae
707 1526 808 1560 tellus
823 1532 874 1560 est
891 1524 979 1559 mihi
994 1531 1084 1559 tacta
1102 1536 1188 1558 meae
1203 1538 1211 1564 ;

478 1583 537 1617 Nil
555 1583 620 1617 nisi
636 1582 722 1616 flere
733 1582 816 1617 libet
828 1608 838 1625 ‚
858 1588 922 1616 etc.

258 1661 380 1709 Idem
403 1680 455 1709 ex
479 1661 605 1724 Eleg.
645 1674 701 1708 111
725 1670 875 1725 patet,
903 1677 1033 1724 quam
1059 1675 1172 1719 aeger
1204 1657 1327 1704 uxori
1345 1655 1546 1722 scripsit3
1569 1675 1680 1723 pra·-

265 1738 415 1786 sertim
441 1757 492 1785 ex
515 1756 623 1786 vers.
653 1736 801 1783 5-10:

482 1836 580 1881 Quid
597 1836 684 1870 mihi
701 1848 796 1869 nunc
812 1833 920 1869 animi
938 1833 1014 1868 dira
1031 1833 1176 1879 regione
1196 1831 1323 1878 jacenti

525 1893 623 1926 Inter
637 1892 860 1926 Sauromatas
875 1902 948 1924 esse
965 1888 1141 1933 Getasque
1158 1886 1285 1933 putes?

481 1947 555 1981 Nec
570 1947 692 1981 caelum
707 1944 819 1990 patior
833 1970 841 1987 ,
860 1956 925 1978 nec
942 1943 1038 1988 aquis
1055 1941 1274 1976 adsuevimus
1289 1940 1381 1983 istis,
1398 1946 1461 1975 ete.

263 2025 354 2073 Nec
377 2023 467 2072 ulla
489 2036 576 2081 est,
602 2035 654 2071 ut
676 2022 826 2089 paucis
848 2021 1012 2079 dicam,
1032 2038 1129 2085 quae
1153 2017 1296 2084 possit
1316 2016 1370 2065 ad
1387 2015 1545 2075 alium,
1567 2035 1680 2083 prae-

260 2102 460 2167 terquam
490 2101 682 2167 primum
716 2100 878 2157 exsilii,
905 2116 1068 2151 annum
1098 2097 1261 2144 referri.
1299 2097 1437 2142 Immo
1472 2106 1543 2142 ΧΠ
1568 2093 1679 2141 circa

257 2197 425 2226 vernum
451 2178 761 2243 aequinoctium
785 2187 1001 2225 exaratam
1024 2193 1117 2222 esse
1133 2211 1144 2233 ‚
1182 2192 1235 2221 ex
1256 2171 1483 2239 prioribus
1506 2181 1679 2219 constat

263 2255 488 2304 versiculis
507 2274 517 2303 ε
1296 2264 1298 2266 ’

478 2352 624 2397 Frigora
638 2351 708 2395 jam
728 2349 882 2396 Zephyri
899 2349 1063 2386 minuunt
1077 2361 1085 2382 :
1100 2359 1263 2392 annoque
1280 2353 1420 2392 peracto

528 2405 684 2451 Longior
699 2405 847 2449 antiquis
864 2405 933 2439 visa
947 2403 1086 2440 Maeotis
1103 2402 1224 2450 hyems
1238 2415 1246 2436 :

486 2461 754 2507 Impositamque
771 2460 834 2495 sibi
845 2487 854 2505 ,
873 2462 931 2505 qui
950 2473 1020 2495 non
1038 2459 1285 2505 benefpertulit
1301 2459 1422 2492 Hellen
1437 2459 1449 2478 ¹
1462 2483 1474 2503 ,

528 2519 705 2563 Tempora
723 2521 892 2552 nocturnis
908 2529 1005 2561 aequa
1021 2519 1141 2551 diurna
1155 2514 1234 2549 facit
1246 2540 1255 2557 ‚
1272 2521 1336 2549 etc.

311 2615 321 2633 ¹
349 2612 446 2646 Aries
476 2625 625 2658 nempe,
652 2612 751 2656 cujus
774 2611 911 2656 signum
931 2610 990 2644 Sol
1011 2608 1271 2655 ingrediebatur
1298 2607 1419 2642 Martii
1443 2616 1557 2650 xxm,
1582 2606 1679 2651 juxta

263 2669 381 2704 Nostri
396 2668 563 2712 calculos,
583 2669 672 2703 Fast.
699 2668 757 2701 lib.
785 2667 837 2701 ΠΙ
852 2693 861 2710 ,
889 2679 976 2700 vers.
1001 2666 1161 2713 849-85'2.
1188 2666 1236 2698 At
1256 2662 1396 2698 nonnisi
1422 2663 1530 2697 tribus
1554 2662 1679 2697 abhinc

262 2726 381 2760 diebus
396 2727 623 2769 oequiaoctium
639 2725 751 2768 signat
763 2750 772 2766 ,
800 2736 884 2757 vers.
902 2724 975 2766 877.
