1794 3100
559 239 690 282 PER
721 238 1104 316 J.¹MASSON.
1448 240 1533 291 „115

343 332 455 369 Arma
471 332 535 367 viri
553 332 652 368 sortis
668 332 802 368 medios
817 332 1005 367 mittantur
1019 332 1056 367 in
1073 331 1190 367 hostes
1205 357 1216 375 ,

315 442 323 446 ⁸
345 394 433 432 Inde
447 394 565 440 jubete
582 394 653 440 peti
670 396 681 415 ¹
695 407 703 430 z

127 495 149 521 >i
176 486 220 525 et
243 473 377 524 alium
399 492 448 523 ex
474 466 670 523 suasoria
691 491 868 521 sensum
885 510 897 530 ,
932 491 1059 538 quem
1077 491 1102 520 a
1121 472 1302 521 Latrone
1317 482 1544 520 mutuatus

128 574 152 595 ³»
177 563 259 600 est.
275 550 462 600 Memini
483 550 703 599 Latronem
722 550 767 598 in
782 550 1035 617 praefatione
1051 550 1238 617 quadam
1253 550 1406 616 dicere,
1425 550 1545 616 quod

129 654 153 675 »
182 629 434 680 scholastici
457 627 582 695 quasi
605 647 778 677 carmen
806 628 1048 678 didicerant
1075 649 1084 676 ε
1112 648 1203 676 non
1225 628 1368 686 vides,
1393 640 1445 678 ut
1465 628 1546 677 im-

128 731 153 754 »
182 721 301 759 mota
317 709 387 756 fax
408 718 600 774 torpeat,
625 718 667 754 et
683 706 900 769 exagitata
917 706 1066 755 reddat
1088 706 1241 767 ignes?
1262 705 1407 755 mollit
1429 706 1547 754 viros

127 810 155 833 »
182 788 322 837 otium
337 825 349 844 ,
372 787 536 835 ferrum
561 785 649 833 situ
674 786 869 852 carpitur
887 797 930 834 et
950 785 1200 847 rubiginem
1218 785 1362 843 ducit3
1384 785 1549 834 desidia

127 888 152 910 »
178 865 372 919 dedocet.
399 852 521 915 Naso
541 862 654 912 dixit
676 883 684 910 :

347 975 431 1011 Vidi
449 988 515 1022 ego
531 976 672 1022 jactatas
687 982 781 1010 mota
797 975 870 1010 sace
888 988 1040 1010 crescere
1058 975 1218 1011 flammas
1233 989 1242 1011 ε

389 1037 438 1073 Et
451 1050 572 1073 rursus
585 1063 594 1080 ,
611 1036 710 1076 nullo
726 1037 947 1073 concutiente
958 1063 967 1080 ,
986 1037 1089 1072 mori.
1103 1039 1118 1059 ²

133 1157 156 1177 »
182 1135 310 1182 Tunc
332 1145 477 1182 autem
503 1150 638 1198 quum
662 1131 880 1190 studeret,
904 1132 1152 1181 habebatur
1167 1134 1316 1182 honus
1341 1134 1553 1183 declama-

133 1231 157 1254 »
184 1222 270 1258 tor.
307 1209 435 1257 Hanc
467 1219 583 1274 certe
616 1209 956 1257 controversiam
995 1222 1094 1259 ante
1124 1211 1335 1260 Arellium
1371 1211 1557 1260 Fuscum

135 1309 158 1330 2)
186 1285 442 1336 declamavit
456 1322 468 1344 ‚
490 1284 660 1332 utmihi
674 1284 904 1333 videbatur
917 1285 1048 1351 longe
1062 1287 1353 1350 ingeniosius;
1375 1301 1558 1356 excepto

136 1389 160 1410 »
188 1384 241 1414 eo
256 1402 268 1423 ‚
295 1362 418 1431 quod
440 1363 535 1411 sine
558 1374 675 1411 certo
702 1361 857 1411 ordine
881 1382 960 1429 per
981 1363 1104 1412 locos
1129 1364 1411 1424 discurreret,
1434 1379 1516 1415 etc.
1541 1367 1558 1392 ³

136 1467 160 1488 »
185 1443 474 1495 Declamabat
492 1452 636 1490 autem
653 1443 772 1490 Naso
792 1460 892 1490 raro
911 1441 1231 1491 controversias
1245 1481 1256 1500 ,
1282 1443 1357 1491 sed
1382 1445 1562 1493 nonnisi

135 1546 160 1567 »
186 1523 354 1573 ethicas
387 1542 397 1570 :
427 1519 640 1569 libentius
665 1518 839 1567 dicebat
859 1519 1078 1569 suasorias
1116 1541 1125 1568 :
1158 1519 1342 1570 molesta
1374 1521 1438 1570 illi
1469 1536 1561 1572 erat

137 1623 160 1644 »
188 1599 333 1649 omnis
355 1599 696 1662 argumentatio,
724 1609 803 1645 etc.
831 1619 854 1640 »

198 1676 270 1725 Illi
289 1687 435 1725 autem
455 1675 543 1724 duo
561 1675 760 1724 rhetores
778 1713 790 1733 ,
816 1694 929 1742 quos
953 1675 1141 1724 Ovidius
1164 1687 1354 1724 sectatus
1376 1688 1466 1735 est,
1492 1677 1561 1725 his

133 1753 410 1822 temporibus
431 1755 585 1802 Romae
602 1752 782 1801 fuerunt
801 1752 1085 1801 celeberrimi.
1107 1754 1176 1802 M.
1206 1753 1379 1802 Porcius
1402 1754 1556 1811 Latro,

132 1849 398 1898 magnopere
420 1829 625 1880 laudatur
647 1830 703 1878 ab
727 1829 880 1883 eodem
906 1829 1092 1886 Seneca,
1119 1830 1196 1896 qui
1220 1830 1312 1895 ejus
1338 1831 1565 1879 canicsimus

132 1909 277 1958 suerat
295 1908 461 1965 sodalis,
478 1919 519 1957 et
534 1926 561 1956 a
575 1908 713 1974 prima
727 1907 907 1973 pueritia
924 1927 1046 1974 usque
1057 1907 1117 1955 ad
1128 1907 1310 1956 ultimam
1328 1909 1415 1975 ejus
1431 1909 1535 1956 diem
1547 1948 1558 1964 ,

117 1988 370 2053 ffimiliamn
399 1988 617 2036 ambitium
649 1986 845 2036 coluerat
867 1985 899 2034 ⁴.
932 2010 952 2029 «
980 1986 1126 2045 Nihil,
1155 1987 1330 2054 inquit,
1365 1988 1444 2036 illo
1467 1989 1563 2037 viro

141 2090 163 2109 »ι
191 2067 380 2130 gravius,
393 2066 506 2118 nihil
522 2066 711 2125 suavius,
725 2063 839 2114 nihil
854 2064 1106 2132 eloquentia
1128 2085 1206 2114 sua
1220 2066 1419 2129 dignius,
1438 2079 1519 2116 etc.
1537 2091 1560 2110 »

182 2197 192 2215 ¹
219 2193 462 2239 Reperiuntur
479 2193 626 2228 Metam.
642 2193 698 2228 lib.
717 2193 830 2238 XIII,
843 2207 932 2229 vers.
954 2207 1010 2227 121
1032 2206 1104 2239 sqq.

182 2252 199 2271 ²
222 2250 334 2285 Iidem
352 2250 474 2285 Amor.
487 2248 544 2283 lib.
560 2249 577 2283 l
589 2275 599 2293 ‚
621 2248 717 2294 Eleg.
732 2259 782 2293 11,
801 2262 887 2284 vers.
909 2262 943 2284 11
964 2256 999 2284 et
1019 2264 1056 2284 12
1069 2277 1078 2293 ,
1098 2249 1164 2284 nisi
1183 2250 1277 2296 quod
1293 2264 1332 2285 12
1345 2277 1354 2294 ‚
1372 2250 1419 2284 sic
1432 2250 1568 2284 hahea—

140 2315 219 2343 tur:
233 2322 250 2337 «
267 2307 314 2342 Et
328 2306 418 2350 vidi,
436 2305 534 2341 nullo
547 2305 767 2340 concutiente
781 2331 790 2348 ‚
811 2306 911 2340 mori.
935 2321 951 2335 »
971 2306 1041 2341 Sed
1063 2307 1118 2341 alii
1141 2307 1234 2342 forte
1249 2315 1331 2342 sunt
1348 2306 1404 2341 hic
1427 2308 1542 2341 omissi
1557 2334 1568 2352 ,

139 2363 264 2408 quibus
289 2362 393 2397 totius
421 2361 609 2407 superioris
637 2360 820 2395 sententiae
847 2361 995 2396 imitatio
1020 2362 1137 2397 fuerat
1155 2362 1450 2405 demonstranda3
1476 2363 1570 2408 iique

139 2419 305 2454 videntur
319 2430 391 2453 esse
404 2444 413 2461 ‚
431 2430 516 2463 quos
531 2418 603 2461 jam
622 2416 715 2451 And.
744 2415 908 2452 schottus
935 2418 1098 2454 indicavit
1113 2434 1120 2460 ς
1150 2419 1218 2455 scil.
1245 2420 1286 2454 de
1314 2420 1417 2455 Pont.
1443 2420 1501 2454 lib.
1526 2420 1542 2455 Ι
1557 2446 1566 2464 ,

141 2476 251 2522 Epist.
262 2486 299 2519 v,
311 2488 397 2510 vers.
411 2478 431 2510 5
445 2486 453 2508 t
467 2489 483 2504 «
500 2473 627 2508 Cernis
639 2499 647 2515 ‚
662 2479 701 2507 ut
712 2473 876 2518 ignavum
888 2483 1115 2520 corrumpant
1129 2476 1198 2511 otia
1212 2488 1353 2521 (τοι-ρας,
1368 2483 1432 2512 etc.
1444 2491 1462 2507 ι»
1475 2477 1566 2511 Vide

141 2531 291 2567 Remed.
309 2532 343 2574 1,
362 2543 448 2566 vers.
469 2531 548 2578 1393
564 2530 669 2564 Trist.
684 2529 739 2564 lib,
749 2529 796 2572 V,
818 2529 914 2575 Eleg.
929 2541 983 2565 ΧΠ
995 2558 1002 2572 ,
1016 2544 1102 2566 vers.
1114 2545 1152 2565 αι
1172 2544 1210 2566 2«
1226 2531 1347 2575 Adde,
1364 2531 1456 2577 quod
1473 2532 1567 2578 inge-

141 2589 240 2625 nium
254 2589 357 2634 longa
377 2588 534 2634 rubigine
552 2587 671 2622 laesum
688 2587 823 2632 Torpet
835 2614 843 2630 ,
859 2595 922 2622 etc.
937 2603 954 2618 »

187 2646 201 2668 ³
225 2644 400 2691 Quaedam
411 2652 529 2690 postea
543 2644 677 2680 Seneca
693 2644 829 2690 profert
845 2643 957 2679 exilia
974 2644 1120 2681 Nasonis
1138 2644 1388 2685 declamatione
1400 2658 1419 2680 a
1439 2658 1474 2680 se
1496 2658 1563 2680 ex·-

140 2709 273 2749 nen-pta,
291 2713 367 2748 quae
381 2700 516 2736 videsis.

182 2758 199 2780 ⁴
221 2755 518 2800 Controv.lib.1‚
542 2755 645 2791 Praef.
