1794 3100
565 212 697 264 PER
730 220 771 263 J.
809 217 1112 264 MASSON.
1238 229 1240 231 ·
1470 218 1557 278 237

127 315 334 384 scripsit,
363 332 412 363 ac
435 311 491 361 cl.
518 311 717 361 Fahretti
747 317 757 336 ¹
784 311 1006 375 vulgavit,
1029 328 1159 378 quem
1182 327 1284 358 vero
1310 310 1571 358 centumviri

128 392 361 460 municipii
394 390 589 454 Augusti
620 389 820 439 Veientis
839 389 887 438 in
910 390 1129 438 honorem
1153 387 1282 436 istius
1322 386 1481 434 Gelotis
1509 387 1566 434 D.

128 472 323 535 Augusti
361 469 514 519 liberti
552 478 867 518 consecrarunt
885 505 898 526 ‚
932 467 1198 526 GAETULICO
1238 478 1295 513 ET
1335 464 1567 513 CALvlsIO

129 550 314 600 Sanmo
338 561 461 599 coss.
485 549 573 597 hoc
597 559 691 606 est,
717 566 833 595 anno
856 548 913 594 U.
941 548 990 595 C.
1019 557 1275 594 nchxx1x.

192 631 265 678 An
292 640 438 678 autem
466 627 708 683 Gracina,
731 625 945 674 suffectus
971 624 1128 674 consul
1147 661 1159 681 ‚
1182 623 1318 672 fuerit
1334 620 1535 671 semestris
1549 661 1561 678 ‚

126 706 254 757 utel.
277 705 457 756 Norisio
481 705 647 763 visum,
680 703 853 752 definiri
893 714 1014 752 certo
1043 701 1212 768 nequit.
1249 700 1431 749 Etenim
1468 697 1573 747 licet

127 782 212 833 sub
233 783 443 847 Augusto
467 780 660 831 solerent
685 778 889 829 consules
909 777 1086 828 suffecti
1105 796 1198 826 esse
1217 786 1422 826 semestres
1441 794 1465 823 a
1484 774 1572 822 kal.

125 860 258 910 Juliis
281 859 335 909 ad
360 859 492 908 finem
516 877 659 926 usque
682 857 814 915 anni3
838 869 1033 906 attamen
1066 876 1135 906 res
1166 854 1289 904 haud
1320 855 1575 902 constanter

128 939 283 988 eodem
302 937 436 987 modo
460 956 507 986 se
528 936 689 1002 habuit
708 935 896 984 Tiberio
920 935 1134 1002 principe.
1163 957 1185 977 «
1215 935 1261 982 Is
1277 971 1288 991 ,
1325 943 1437 980 teste
1453 931 1574 978 Dio-

131 1039 155 1060 »
184 1035 242 1065 ne
264 1022 281 1040 ²
299 1053 312 1072 ‚
337 1012 556 1082 quosdam
578 1031 694 1061 coss.
717 1011 772 1060 ad
802 1011 984 1075 longius
1000 1049 1012 1069 ‚
1038 1011 1148 1060 alios
1169 1010 1226 1058 ad
1248 1009 1429 1058 brevius
1455 1020 1573 1057 tem-

133 1117 157 1137 »
183 1093 308 1161 poris
333 1092 528 1158 spatium
555 1088 816 1152 designabat
837 1109 847 1138 ε
873 1090 1067 1155 itemque
1091 1086 1336 1138 nonnullos
1359 1086 1490 1134 etiam
1515 1086 1574 1134 ci-

133 1194 156 1215 »
184 1171 297 1228 tius,
314 1188 447 1236 quam
467 1167 797 1225 constituisset,
821 1165 922 1214 loco
940 1165 1172 1223 movebat;
1193 1162 1314 1222 aliis,
1335 1175 1388 1211 ut
1406 1163 1575 1212 diutius

135 1273 160 1293 »
187 1249 236 1298 in
253 1248 518 1310 magistratu
538 1257 707 1303 essent,
734 1244 1007 1293 concedebat
1025 1281 1036 1303 ‚
1062 1255 1142 1292 etc.
1169 1266 1190 1285 »
1213 1243 1324 1291 Inde
1347 1256 1432 1302 est,
1454 1243 1577 1310 quod

131 1329 179 1378 in
201 1327 450 1391 fragmento
464 1326 701 1374 Fastorum
719 1323 1055 1391 municipalium
1073 1322 1194 1390 apud
1220 1322 1461 1370 Gruterum
1481 1321 1495 1346 ³
1516 1323 1575 1371 si-

129 1416 324 1470 gnantur
347 1422 464 1453 coss.
488 1402 667 1468 stffsecti,
700 1400 879 1468 quidam
907 1413 979 1449 VII
1000 1401 1073 1449 ID.
1099 1401 1216 1448 MAI.
1241 1398 1314 1447 alii
1337 1412 1444 1447 KAL.
1465 1401 1493 1447 J
1498 1413 1574 1448 UL.

130 1483 206 1533 alii
224 1495 331 1532 KAL.
352 1494 456 1531 OCT.
477 1482 619 1529 Immo
634 1518 646 1540 ‚
672 1499 810 1546 quum
831 1498 883 1528 ex
900 1479 1047 1546 Primo
1072 1477 1218 1545 lapide
1242 1477 1299 1526 P.
1320 1476 1575 1543 Pomponius

130 1560 221 1625 jam
246 1571 322 1607 1111
342 1559 470 1607 NON.
501 1569 606 1606 MAI.
633 1555 791 1605 consul
813 1555 969 1614 fuerit,
992 1555 1096 1604 inde
1122 1554 1292 1603 corruit
1315 1573 1447 1602 omne
1476 1553 1573 1620 opi—

132 1637 281 1687 nionis
312 1635 561 1686 Norisianae
593 1634 956 1691 fundamentum3
988 1652 1067 1681 nec
1099 1631 1336 1681 verisimile
1370 1632 1574 1687 videtur.

134 1734 234 1765 eum
258 1712 493 1764 consulatu
514 1712 677 1762 abiisse
695 1725 795 1761 ante
817 1710 1078 1760 Decembris
1097 1710 1245 1758 finem.

196 1794 255 1842 II.
281 1793 369 1846 Ea,
395 1790 593 1858 quamvis
613 1789 784 1858 prolixa
802 1828 814 1849 ‚
838 1809 932 1838 non
954 1789 1226 1837 videbuntur
1250 1801 1395 1836 tamen
1422 1806 1575 1854 super-

131 1890 267 1922 vacua
280 1909 293 1930 ‚
319 1891 458 1939 quum
475 1882 520 1920 et
540 1870 675 1936 hujus
694 1870 909 1937 temporis
926 1869 1159 1918 historiam
1172 1906 1183 1926 ,
1205 1879 1248 1916 et
1270 1867 1463 1915 Nasonis
1481 1886 1577 1914 car—

132 1951 251 2000 mina
273 1970 364 1999 non
387 1969 543 2018 parum
566 1948 803 1998 illustrent.
824 1950 893 1996 Ex
913 1948 1066 1996 eodem
1091 1947 1299 1995 instituto
1322 1945 1395 1993 hic
1417 1957 1577 1993 notan-

136 2029 244 2077 dum
262 2029 448 2095 insuper
465 2028 607 2086 venit,
629 2028 750 2095 quod
770 2029 936 2076 Noster
955 2026 1102 2075 eadem
1121 2024 1319 2093 Epistola
1335 2025 1552 2088 significat
1567 2062 1577 2079 .

135 2118 374 2173 utrumque
396 2105 560 2155 scilicet
581 2106 818 2155 Groecinum
842 2126 891 2155 ac
913 2106 1116 2154 Flaccum
1132 2145 1144 2162 ,
1174 2102 1380 2156 consules
1402 2103 1575 2152 Tiberii

136 2185 276 2247 gratia
299 2197 490 2244 creatos,
514 2204 624 2233 vers.
651 2183 804 2251 67-70
824 2205 834 2232 z

356 2282 569 2329 Multiplicat
585 2290 704 2318 tamen
723 2285 811 2317 bunc
829 2282 977 2329 gravitas
993 2286 1142 2318 auctoris
1156 2285 1310 2317 bonorem
1320 2311 1329 2325 ⁷

399 2341 446 2376 Et
462 2340 682 2385 majestatem
699 2353 754 2374 res
770 2340 850 2374 data
867 2341 982 2373 dantis
999 2339 1113 2374 habet.

354 2400 506 2433 Judb'cffs
524 2397 630 2444 igitur
646 2397 747 2432 liceat
763 2398 958 2441 Flaccoque
974 2398 1105 2441 tibique

405 2453 549 2489 Talibus
566 2456 719 2498 Augusti
729 2460 868 2498 tempus
884 2453 921 2487 in
937 2465 1043 2487 omne
1060 2452 1141 2487 frui.

136 2530 346 2580 Tiberius
369 2531 484 2580 enim
499 2569 516 2590 ,
536 2531 617 2579 ubi
637 2531 831 2598 primum
854 2531 1015 2580 Caesari
1035 2530 1280 2580 Octaviano
1300 2530 1489 2597 Augusti
1499 2549 1578 2577 co-

182 2643 192 2662 ¹
218 2641 363 2689 Syntag.
383 2641 492 2693 Inscr.
512 2653 587 2685 pag.
608 2653 679 2684 ¹70·

181 2697 196 2717 ²
220 2696 295 2730 Lib.
316 2696 464 2739 LV111,
487 2709 562 2742 pag.
579 2696 655 2730 533.

184 2752 197 2773 ³
221 2754 328 2788 Inscr.
347 2753 451 2788 Thes.
471 2767 546 2799 pag.
571 2755 651 2798 1087
665 2778 674 2796 ,
692 2766 726 2787 n.
748 2767 773 2787 ι,
