1794 3100
223 260 309 288 200
663 246 714 287 P.
752 231 991 288 ovmn
1024 242 1202 287 vrrA

220 341 318 387 Hoc
341 350 483 386 autem
506 355 659 403 poema
682 350 745 385 XV
770 336 895 385 libris
913 348 1168 386 contentum
1190 335 1350 393 fuisse,
1378 347 1532 384 auctor
1549 336 1645 403 ipse

219 429 395 474 monet,
422 416 557 464 Trist.
582 414 660 462 lib.
687 418 732 473 I,
756 414 879 478 Eleg.
905 428 949 473 Ι,
974 433 1083 470 vers,
1115 432 1201 480 117
1229 434 1238 461 ε

442 513 534 548 Sunt
555 525 691 558 quoque
708 520 851 548 mutatae
868 520 919 547 ter
930 516 1069 557 quinque
1087 515 1257 547 volumina
1271 512 1396 546 formae
1409 538 1421 556 ‚

482 569 604 612 Nuper
623 568 664 601 ab
682 567 846 612 exsequiis
862 566 1016 602 carmina
1032 574 1128 612 rapta
1146 566 1250 608 meis;

222 647 341 713 quod
364 646 525 711 repetit
544 644 623 693 lib.
651 646 740 702 III,
767 644 892 707 Eleg.
919 658 1015 703 XIV,
1037 663 1146 693 vers.
1179 646 1334 710 19-24.

284 726 340 771 X.
376 724 456 769 Est
488 733 528 769 et
550 721 670 768 aliud
696 740 833 788 opus,
869 722 989 787 quod
1015 721 1166 770 Ovidii
1195 721 1404 784 relegatio
1450 721 1646 788 abrupit,

219 802 481 848 FASTORUM
508 819 661 865 nempe
687 799 851 857 libros,
877 799 929 846 de
953 800 1117 865 quibus
1141 799 1203 847 sic
1225 799 1279 847 ad
1302 790 1553 862 Augustum
1571 800 1644 865 ip-

227 889 393 934 semet,
418 877 550 925 Trist.
576 876 655 924 lib.
682 879 752 934 ll,
778 896 886 925 vers.
915 876 1128 942 549-552
1151 896 1160 924 ε

445 976 512 1010 Sex
530 988 594 1020 ego
612 977 784 1009 fihslorum
802 973 919 1020 scripsi
940 974 1157 1018 totidemque
1174 973 1304 1008 libellos
1322 988 1330 1015 ς

484 1029 649 1075 Cumque
669 1044 732 1064 suo
749 1030 858 1064 finem
875 1043 997 1064 mense
1014 1030 1178 1063 volumen
1196 1029 1311 1063 habet,

446 1087 555 1131 quue
573 1094 635 1121 tuo
652 1100 764 1131 nuper
780 1087 947 1131 scriptum
962 1086 1025 1119 sub
1043 1085 1187 1119 nomine
1199 1111 1208 1129 ‚
1229 1084 1346 1119 Caesar
1357 1111 1367 1129 ,

486 1142 530 1176 Et
548 1142 609 1176 tibi
625 1149 798 1176 sacratum
813 1154 886 1175 sors
901 1153 980 1175 mea
995 1140 1088 1186 rupit
1105 1153 1201 1185 opus.

226 1221 343 1269 Hinc
375 1220 508 1283 vulgo
545 1221 661 1268 docti
695 1232 845 1278 erunt,
871 1220 1082 1268 Ovidium
1104 1219 1311 1267 duodecim
1335 1220 1567 1267 Fastorum
1591 1218 1645 1266 li-

223 1299 333 1347 bros
357 1299 606 1364 scripsisse,
640 1318 827 1364 quorum
850 1317 925 1346 sex
943 1298 1208 1364 posteriores
1229 1295 1452 1362 perierint.
1478 1297 1646 1343 Verum

224 1375 260 1422 si
290 1374 414 1421 liceat
434 1374 491 1421 nb
517 1373 807 1421 eruditiorum
832 1373 1044 1421 sententia
1067 1377 1259 1421 seorsiim
1283 1372 1423 1429 abire,
1449 1364 1567 1422 ultro
1584 1370 1646 1418 fa-

226 1453 358 1500 tebor
372 1491 382 1508 ‚
408 1464 580 1518 poetam
599 1453 685 1499 hoc
704 1451 800 1500 ioco
824 1454 875 1499 de
891 1471 964 1500 sex
982 1464 1150 1501 tantum
1170 1451 1297 1499 libris
1315 1449 1647 1513 intelligendum

226 1548 333 1576 esse.
361 1532 448 1576 Nec
476 1529 588 1576 enim
611 1528 730 1576 aliud
754 1529 840 1576 sibi
858 1528 966 1577 velle
983 1529 1090 1577 mihi
1114 1528 1305 1585 videtur,
1329 1540 1647 1594 praeterquam,

227 1606 344 1671 quod
366 1606 590 1672 scripserit
605 1625 679 1653 sex
701 1606 943 1662 Fastorum,
963 1607 1048 1654 hoc
1068 1618 1157 1663 est,
1181 1624 1256 1654 sex
1279 1606 1332 1653 F
1326 1615 1433 1653 astos
1447 1644 1459 1660 ,
1483 1623 1559 1653 seu
1575 1622 1650 1652 sex

226 1685 280 1732 F
273 1684 392 1740 ustis,
428 1696 557 1750 atque
582 1683 742 1730 totidem
756 1723 767 1739 ,
808 1702 884 1732 seu
907 1702 981 1731 sex
1004 1683 1134 1731 etiam
1160 1683 1307 1739 libros,
1337 1681 1413 1749 qui
1435 1682 1563 1730 Fasti
1591 1681 1648 1729 ab

231 1781 284 1809 eo
307 1761 427 1808 suere
453 1761 556 1807 dicti
572 1797 583 1818 ‚
613 1760 714 1825 quia
736 1759 891 1807 iisdem
912 1761 1070 1826 stgmala
1087 1770 1265 1826 tempora
1283 1759 1426 1807 Fastis
1446 1769 1601 1806 tractat
1617 1763 1648 1804 ’φ

234 1858 282 1886 ac
305 1850 356 1885 ut
377 1839 493 1886 Fast.
519 1837 596 1884 lib.
623 1838 683 1884 IV
707 1837 835 1884 initio
859 1838 948 1885 ait:

447 1936 625 1980 Tempora
642 1949 722 1970 cum
740 1935 848 1970 causis
865 1935 1057 1970 Annalibus
1074 1942 1173 1969 eruta
1189 1934 1306 1981 priscis
1321 1961 1331 1978 ,

491 1991 670 2036 Lapsaque
688 1991 751 2025 sub
767 1998 874 2025 terras
886 2016 895 2034 ‚
912 1997 1057 2035 ortaque
1074 1990 1171 2036 signa
1186 2002 1282 2024 cano.

227 2068 335 2116 Inde
355 2080 422 2116 est
444 2051 565 2134 quod
589 2069 773 2127 ibidem,
803 2068 1107 2117 Germanicum
1131 2069 1345 2117 Caesarem
1372 2068 1615 2135 adloquens
1631 2105 1644 2127 ,

229 2146 373 2204 addit,
398 2166 507 2195 vers.
544 2165 598 2212 19
620 2158 663 2194 et
687 2164 748 2193 20
769 2167 778 2194 :
1022 2139 1025 2143 ⁵

446 2245 484 2279 Si
501 2259 568 2291 qua
585 2253 704 2280 tamen
722 2258 799 2290 pars
817 2253 850 2280 te
868 2245 910 2280 de
932 2247 1047 2280 Fastis
1063 2252 1203 2291 tangere
1220 2245 1323 2279 debet
1336 2271 1345 2288 ,

499 2303 626 2343 Caesar,
645 2301 682 2335 in
700 2302 829 2346 Aprili,
847 2314 916 2346 quo
934 2301 1104 2344 tenearis,
1126 2301 1230 2335 habes
1244 2326 1253 2344 ,
1274 2308 1338 2335 etc.

231 2380 444 2429 Eumdem
468 2398 645 2446 quoque
671 2399 846 2428 sensum
865 2379 1046 2427 omnino
1067 2378 1311 2435 confirmat,
1335 2397 1469 2444 quum
1490 2381 1651 2427 Noster

235 2457 464 2522 subjungit
480 2496 491 2515 ‚
517 2457 839 2506 antecedentem
866 2476 1038 2505 versum
1059 2457 1340 2524 expositurus
1361 2476 1370 2504 :

461 2555 624 2600 Cumque
644 2568 706 2591 suo
724 2555 833 2590 finem
851 2568 971 2590 mense
989 2555 1153 2590 volumen
1169 2554 1283 2589 habet.

235 2634 408 2683 Scilicet
443 2634 682 2695 significat,
711 2654 755 2683 se
783 2635 1004 2683 Fastorum
1027 2633 1248 2683 materiam
1274 2652 1321 2681 ea
1350 2631 1557 2680 methodo
1583 2631 1650 2678 di-

278 2749 287 2766 ¹
313 2746 403 2780 Fast.
422 2745 475 2780 lib.
492 2745 552 2788 Π,
570 2758 655 2780 vers.
675 2759 702 2789 7.
