1794 3100
319 217 411 260 DE
457 197 797 281 ANTIQUO
839 215 1089 261 VEIDII
1130 216 1424 262 NUMMO,
1507 219 1590 262 551

157 319 198 353 et
224 311 293 352 alia
310 312 443 364 plura,
467 310 641 367 superius
664 311 751 352 satis
777 311 939 352 indicata
954 340 966 361 ‚
989 311 1161 363 potuisse
1183 327 1204 353 a
1226 312 1384 353 doctiss.
1409 313 1500 354 viris
1526 314 1596 354 ad-

157 383 260 425 mitti
271 412 284 434 ,
302 383 441 424 mirum
458 391 528 424 est.
544 382 601 423 At
611 382 845 442 dissimulare
859 398 942 424 non
958 382 1081 432 debeo,
1093 413 1105 434 ‚
1127 383 1190 424 Cl.
1206 383 1463 438 eximiumque
1474 385 1599 426 virum

157 455 298 496 Euch.
313 456 585 510 Spanhemium
597 485 610 504 ‚
636 454 733 494 lecta
758 455 885 494 Ovidii
900 455 977 498 vita
991 484 1002 505 ‚
1027 455 1132 495 ultro
1152 454 1249 495 mihi
1266 454 1442 496 confiteri
1459 455 1599 511 digna-

158 534 241 567 tum
250 526 366 567 fuisse
376 555 389 575 ,
399 525 496 567 nihil
506 525 665 580 amplius
673 539 873 580 superesse
884 548 898 575 ,v
913 526 1020 580 quod
1030 527 1242 567 Nummum
1258 526 1598 567 Rondaninianum

158 597 282 653 possit
305 597 439 638 Ouidio
457 597 673 645 vindicare3
697 611 823 652 neque
845 597 915 638 alia
935 597 1085 638 ratione
1103 598 1296 652 antiquam
1317 598 1541 653 opinionem
1560 608 1600 640 et

156 676 283 710 vetera
293 660 511 725 praejudicia
522 682 716 710 excusasse
722 683 736 716 ⁷3
753 668 827 709 nisi
838 668 945 722 quod
947 667 1101 721 juvenis
1117 669 1323 709 admodum
1339 676 1439 709 esset
1448 698 1460 718 ‚
1478 684 1597 724 quum

156 742 296 782 Romae
309 748 543 788 versaretur3
564 748 677 794 atque
691 739 804 779 fidem
824 739 864 779 in
886 739 954 779 hac
975 753 1017 779 re
1030 753 1191 791 prorsus
1211 739 1439 794 praebuisset
1455 749 1596 781 aucto-

157 813 260 853 ritati
280 821 320 854 et
335 812 577 864 experientiae
596 812 800 852 doctorum
819 819 915 853 tunc
937 811 1121 864 temporis
1144 826 1187 852 ea
1205 812 1246 851 in
1266 812 1360 852 urbe
1377 812 1597 868 degentium

155 883 480 939 antiquariorum3
506 883 814 938 quandoquidem
840 882 1004 938 ipsemet
1029 898 1154 938 neque
1181 891 1265 923 tum
1284 914 1297 935 ‚
1328 899 1401 924 nec
1427 899 1597 939 unquam

155 962 289 1009 postea
309 954 351 994 in
370 953 628 996 discernendis
649 953 749 995 veris
776 968 818 994 ac
842 954 1008 1008 antiquis
1028 954 1209 995 Nummis
1230 970 1250 996 a
1271 954 1374 996 falsis
1399 963 1464 995 aut
1486 955 1597 995 adul—

154 1027 284 1068 teratis
303 1027 527 1068 exercitatus
550 1026 634 1067 fuit.
659 1026 735 1068 Sed
763 1026 810 1066 de
837 1027 896 1067 his
925 1028 1003 1083 jam
1031 1035 1088 1068 sat
1115 1041 1305 1081 superque
1331 1026 1592 1082 disputatum;

157 1114 277 1154 quum
297 1100 408 1142 locus
423 1114 506 1140 non
526 1099 744 1154 permittat,
770 1106 816 1140 ut
834 1108 995 1150 caetera,
1017 1116 1103 1155 quae
1121 1100 1169 1141 ad
1192 1099 1231 1141 V
1227 1100 1366 1140 eidium
1385 1100 1593 1140 Pollionem

158 1178 352 1225 spectant,
374 1170 559 1224 prolixius
578 1186 850 1227 prosequamur
865 1202 879 1222 ,
905 1180 1025 1227 prout
1046 1172 1133 1214 alibi
1158 1171 1292 1214 forsan
1306 1172 1372 1213 fiet
1388 1201 1400 1222 ‚
1426 1171 1460 1213 si
1484 1173 1593 1212 Deus

156 1241 271 1284 vitam
291 1251 331 1284 et
350 1243 451 1287 vires
467 1243 626 1285 dederit.
