1794 3100
308 239 400 284 DE
444 236 782 294 ANTIQUO
823 237 1066 282 VEIDII
1105 236 1397 284 NUMMO.
1479 242 1566 298 545

139 349 212 377 nec
231 334 333 376 aliud
352 334 558 390 indigitent
578 341 717 387 praeter
737 347 848 387 quam
867 332 971 386 quod
987 332 1088 374 Galli
1106 333 1279 372 Grenetis
1293 343 1443 374 vocant.
1460 337 1572 377 Hanc

138 407 256 465 igitur
271 405 553 446 festinationem
567 419 687 445 meam
703 434 715 454 .,
737 404 821 454 vel,
846 403 879 444 si
898 404 1012 444 mavis
1024 433 1036 454 ‚
1049 394 1305 445 ”temeritatem
1322 405 1427 446 facile
1443 416 1575 458 postea

140 477 266 518 detexi
279 506 292 525 ‚
312 492 431 532 quum
457 476 620 517 eundem
640 475 851 515 Nummum
873 475 911 514 in
935 476 1033 515 Gaza
1051 475 1325 516 Pembrokiana
1351 476 1575 530 diligentius

139 549 306 590 tractavi.
334 549 451 588 Unde
477 563 579 588 nunc
605 547 711 587 illurn
739 562 882 587 summa
902 547 976 587 fide
1004 561 1167 601 curaque
1198 547 1425 588 delineatum
1450 549 1577 589 lecto-

139 620 244 662 ribus
267 620 427 662 exhibeo
445 649 457 669 ‚
480 628 523 660 ut
543 619 636 660 mihi
656 619 835 659 libentius
855 619 1087 673 praeteritum
1108 619 1332 660 condonent
1354 629 1533 661 erratum.

194 694 242 732 V.
273 691 409 732 Nihilo
435 682 560 731 tamen
587 689 713 730 minus
738 691 972 730 POLLioNis
1001 705 1219 745 cognomen
1243 691 1396 742 ipsimet
1415 692 1576 731 meo

139 763 256 804 fuisse
273 792 285 813 ‚
313 777 369 804 ex.
387 762 468 804 aliis
493 770 645 803 constat
668 761 879 811 Nummae‘s,
910 762 951 801 in
977 763 1106 816 eadem
1137 762 1231 802 urbe
1251 763 1429 803 Caesarea
1462 763 1575 803 cusis.

141 837 277 876 Unum
295 835 336 875 id
353 849 475 890 genus
497 834 586 874 AEr.
607 833 889 887 primi'moduli
911 834 1191 888 inspiciendum
1219 834 1310 874 mihi
1335 834 1498 886 praebuit
1519 835 1577 876 vir

143 908 206 948 Cl.
223 907 359 955 Mode,
384 905 659 960 Ultrajectinus
680 904 767 959 qui,
792 905 881 944 dum
903 905 1068 954 viveret,
1094 906 1289 945 scientiam
1312 920 1464 958 quoque
1485 907 1578 946 Nu-

140 977 385 1019 mismaticam
408 976 568 1016 colebat.
592 975 654 1015 Illi
674 991 739 1027 par
757 984 835 1015 erat
854 990 966 1030 quem
989 977 1158 1016 Goltzius
1177 977 1251 1031 jam
1274 976 1416 1015 dudum
1439 976 1579 1031 vulga-

139 1057 294 1098 νει-ειν,
317 1049 409 1088 hinc
435 1063 521 1088 cum
546 1048 712 1100 Augusti
730 1048 850 1099 capite
878 1048 985 1087 nudo
1014 1048 1083 1086 hac
1104 1048 1306 1101 epigraphe
1332 1063 1341 1086 ε
1367 1057 1579 1089 ΟΥΗΙΔΙΟΣ

140 1130 357 1163 ΠΩΛΑΙΩΝ
377 1128 645 1161 ΚΑΙΣΑΡΕΩΝ.
670 1119 784 1159 Illinc
801 1134 887 1158 cum
907 1121 1041 1173 templo
1057 1127 1147 1159 octo
1165 1120 1428 1160 columnarum
1445 1119 1583 1174 hisque

141 1192 363 1235 nominibus
391 1208 400 1231 ι
428 1200 705 1233 ΜΕΝΑΝΔΡΟΣ
749 1200 997 1232 ΠΑΡΡΑΣιοΥ
1033 1191 1190 1230 similem
1210 1221 1221 1240 ‚
1252 1192 1377 1246 quoad
1404 1199 1517 1247 eaput
1541 1201 1581 1233 et

141 1266 340 1319 templum,
365 1265 406 1304 in
430 1278 505 1305 aere
530 1263 716 1303 mediocri
741 1277 856 1317 penes
879 1263 1091 1316 insignem,
1118 1277 1233 1316 quum
1261 1264 1302 1302 in
1331 1261 1426 1303 vivis
1448 1272 1546 1303 esset
1565 1292 1578 1313 ‚

142 1343 394 1376 mercatorem
422 1334 709 1375 Londinensem
728 1362 740 1382 ‚
775 1334 931 1373 nomine
957 1333 1131 1381 Lamon,
1168 1334 1234 1387 qui
1256 1348 1344 1374 eum
1377 1347 1420 1373 ex
1449 1334 1575 1383 Asia,

141 1410 350 1461 Smyrnaoe
368 1405 557 1446 attulerat.
584 1406 729 1445 Verum
764 1405 805 1443 in
841 1420 889 1444 eo
917 1413 1169 1445 ΚΑΙΣΑΡΕΩΝ
1199 1405 1316 1445 modo
1352 1405 1546 1461 legebatur
1565 1435 1578 1456 ‚

108 1516 112 1519 ,
142 1479 291 1520 caeteris
314 1477 450 1518 litteris
473 1476 634 1518 omnino
656 1475 816 1516 detritis.
838 1476 954 1515 Unde
972 1484 1030 1515 est
1052 1476 1156 1529 quod
1170 1484 1301 1526 postea
1316 1505 1328 1524 ,
1355 1492 1472 1530 quum
1487 1479 1579 1517 Nu-

142 1549 347 1591 mismatioe
365 1548 551 1588 Laxtonz's
567 1546 735 1598 supellex
754 1546 793 1586 in
808 1547 1065 1598 potentissimi
1082 1547 1188 1586 ducis
1206 1549 1417 1587 DEVONJAE
1441 1549 1580 1589 Gazam

142 1621 321 1662 transiret
338 1649 351 1669 ‚
376 1633 554 1659 nummus
576 1618 648 1657 iste
671 1617 787 1658 fuerit
809 1618 1002 1673 neglectus
1021 1647 1033 1667 ‚
1057 1633 1127 1657 nec
1148 1619 1307 1669 amplius
1329 1635 1413 1659 eum
1433 1630 1578 1672 potue-

142 1693 214 1734 rim
236 1692 378 1732 ibidem
395 1690 572 1742 reperire.
595 1689 746 1729 Idcirco
767 1687 949 1728 affirmare
970 1704 1120 1742 nequeo
1134 1718 1146 1738 7
1170 1690 1325 1729 eandem
1348 1691 1387 1730 in
1411 1692 1486 1732 isto
1501 1722 1512 1741 .‚
1535 1709 1579 1735 ac

140 1765 183 1805 in
198 1763 380 1804 Modiana
395 1770 434 1801 et
450 1761 653 1801 Goltzr'ano
663 1762 835 1799 Nummo
847 1789 858 1808 ‚
875 1760 1106 1814 epigraphen
1122 1761 1265 1800 circum
1276 1771 1387 1813 caput
1403 1764 1576 1814 primitus

141 1837 361 1890 impressam
380 1832 512 1879 fuisse,
535 1831 595 1873 vel
615 1831 743 1885 potius
762 1832 928 1870 hancce:
954 1840 1168 1872 ΠΩΛΛιΩΝ
1193 1841 1459 1875 κΑΙΣΑΡΕΩΝ.
1485 1838 1576 1878 Hoc

143 1915 248 1948 certe
270 1905 458 1946 modo'se
486 1903 622 1959 legisse
640 1932 651 1952 ‚
681 1902 741 1943 Cl.
772 1903 1028 1956 Spanhemius
1058 1911 1216 1943 testatur
1235 1933 1246 1953 ,
1280 1905 1377 1945 circa
1411 1909 1577 1959 ignotum

145 1986 258 2033 caput
287 1979 329 2018 in
361 1976 545 2017 anteriori
575 1990 659 2015 arca
687 1975 848 2015 Nummi
877 1975 967 2015 aerei
1008 1975 1144 2027 (inter
1178 1978 1354 2027 praeclara
1389 1980 1577 2035 Augustae

147 2050 356 2091 Christinae
377 2047 573 2098 cimelia),
597 2049 703 2102 cujus
729 2061 854 2087 aversa
876 2062 960 2100 pars
980 2047 1079 2086 idem
1101 2048 1285 2099 templum
1307 2049 1448 2090 ferebat
1467 2081 1478 2101 ‚
1508 2054 1578 2093 iis—

147 2122 234 2162 dem
251 2121 390 2174 pariter
403 2119 563 2174 integris
578 2118 794 2159 nominibus
810 2134 819 2158 :
837 2127 1111 2159 ΜΕΝΛΝΔΡΟΣ
1125 2128 1346 2162 ΠΑΡΑΣΙΟΥ
1356 2131 1383 2162 ².
1400 2124 1579 2166 Eundem

192 2259 206 2279 ¹
231 2257 273 2292 In
296 2255 386 2300 Aug.
402 2253 489 2289 Tab.
508 2255 548 2300 75
562 2279 572 2296 ‚
598 2267 634 2288 n.
654 2254 695 2288 23
708 2280 717 2296 ‚
738 2255 789 2297 24.
817 2255 859 2289 In
890 2256 1024 2291 Goltzii
1046 2262 1164 2290 tamen
1183 2258 1459 2303 Bez'antiquartie
1482 2263 1579 2298 Thes.

151 2313 230 2348 Col.
249 2313 335 2356 265,
362 2310 526 2346 editionis
550 2312 675 2351 maci,
703 2310 988 2358 Typothetarum
1016 2312 1149 2347 incuria
1176 2313 1265 2348 male
1291 2315 1452 2351 scribitur
1468 2326 1582 2357 orm-

149 2376 260 2412 ΔΙΟΣ,
278 2376 345 2404 etc.
367 2367 462 2402 Cum
481 2375 598 2402 tamen
619 2367 654 2401 in
673 2366 832 2412 ejusdem
854 2369 954 2402 Thes.
969 2368 1122 2404 editione
1139 2370 1252 2414 prima
1265 2397 1274 2413 ,
1295 2371 1336 2405 ab
1354 2370 1426 2417 ipso
1441 2374 1583 2413 Goltzio

150 2439 207 2462 an.
229 2427 329 2473 1579,
345 2424 437 2459 sacta
453 2431 546 2459 recte
563 2438 595 2470 p.
614 2423 676 2459 166
687 2449 696 2467 ,
716 2423 885 2459 habeatur
902 2430 1084 2460 ΟΥΗΙΔΙΟΣ
1100 2431 1309 2462 namium.

193 2497 209 2516 ²
232 2494 290 2530 Sic
309 2493 403 2528 baud
421 2493 567 2528 omnino
582 2493 674 2527 bene
690 2505 772 2527 cum
795 2492 939 2538 simplici
959 2493 1009 2535 P,
1035 2492 1085 2527 uti
1103 2500 1138 2527 et
1153 2500 1347 2531 ΠΟΛΛΙΩΝ
1360 2522 1370 2539 ,
1391 2511 1464 2534 nou
1486 2515 1587 2539 secus

150 2565 191 2588 ac
206 2553 430 2589 Vm‘llant1‘us5
447 2562 558 2595 quum
574 2557 693 2583 tamen
707 2556 903 2585 ΠΩΛΛΙΩΝ
915 2549 1274 2592 fueritscribendum‚
1266 2565 1273 2573 ·
1288 2556 1467 2596 quomodo
1479 2559 1589 2596 etiam

151 2609 328 2643 morellius
346 2614 439 2641 recte
460 2606 577 2641 habet.
597 2606 670 2640 Nec
689 2605 788 2640 aliter
813 2605 869 2640 alii
898 2605 1059 2648 nummi,
1087 2605 1216 2650 lapides
1243 2620 1282 2643 ac
1303 2609 1486 2655 aliquoties
1503 2617 1591 2653 editi

151 2679 217 2701 ια’
211 2667 349 2708 mmm-es
364 2663 448 2696 vid.
465 2662 570 2696 Dion.
589 2661 665 2696 Lib.
679 2661 785 2705 LIV,
806 2675 838 2707 p.
857 2662 939 2703 538,
954 2668 1121 2698 ΟΥΗΔΙΟΣ
1136 2669 1356 2710 ΠΩΛΔΙΩΝ,
1373 2667 1429 2703 lib.
1442 2670 1587 2718 LVIII,

152 2735 187 2769 p.
200 2722 279 2762 (ι33,
298 2715 544 2756 ΟΥΗΤΡΛΣΓΟΣ
564 2724 781 2759 ΠΩΛΛΙΩΝ;
796 2718 869 2753 Lib.
882 2718 1009 2765 12pr
1024 2719 1099 2754 680.
1117 2725 1290 2768 Pomm-9.
1302 2722 1391 2769 (lege
1402 2732 1590 2777 ΡΟΥΒΡΙῼ)

152 2772 375 2815 ΠΟΔΔῘΩΝΙ.
396 2775 471 2810 Lib.
487 2774 674 2819 XLVuI,
693 2787 726 2820 p.
742 2774 828 2819 365,
848 2774 924 2810 382·
937 2777 1028 2811 Plut.
1044 2775 1083 2811 in
1099 2774 1187 2813 Caes.
1203 2776 1227 2812 Γ.
1246 2779 1318 2823 732.

315 2839 479 2888 VIII.
642 2868 648 2873 ι
1297 2842 1353 2883 35
