1794 3100
301 261 359 304 36

660 265 711 306 P.
750 264 998 308 OVIDII
1026 265 1353 314 *NASONIS

364 356 517 405 Victor
539 368 589 405 ut
611 369 678 406 est
700 357 828 406 celeri
852 359 1049 425 victaque
1072 380 1194 409 versa
1218 362 1327 427 pede
1345 381 1354 410 :

1644 377 1713 423 460

299 435 489 500 Solaque
510 435 694 483 Limone
717 454 888 501 poenam
913 455 967 484 ne
992 437 1174 485 senserit
1191 437 1332 495 illam,
1354 479 1357 481 .

362 514 422 559 Et
443 523 516 559 tua
541 510 668 570 dente
689 511 781 559 fero
806 512 969 559 viscera
996 524 1144 579 carpat
1168 532 1320 579 equus.

295 591 413 645 Aut,
438 599 488 636 ut
514 587 809 636 Cassandreus
824 626 835 646 ‚
860 588 1042 636 domino
1066 609 1159 637 non
1181 591 1331 639 mitior
1353 591 1451 651 illo,

362 666 544 715 Saucius
565 666 734 728 ingesta
755 666 1070 716 contumuleris
1094 668 1243 716 humo.

293 744 408 798 Aut,
434 754 484 790 ut
508 742 801 800 Abantiades,
827 754 904 790 aut
930 754 980 790 ut
1004 743 1220 807 Cycne‘ius
1242 744 1371 791 heros
1388 782 1399 801 ‚

1644 760 1710 804 465

362 819 548 867 Clausus
571 819 618 866 iu
639 838 860 884 aequoreas
881 820 1166 886 praecipiteris
1188 839 1336 886 aquas.

295 897 481 944 Victima
508 895 575 943 vel
599 896 769 943 Phoebo
794 915 937 944 sacras
962 897 1162 944 macteris
1186 896 1239 944 ad
1258 915 1374 953 aras,

360 974 507 1037 Quam
531 971 634 1020 tulit
655 992 679 1020 a
703 991 814 1020 saevo
841 973 1102 1020 Theudotus
1126 972 1253 1020 hoste
1276 990 1438 1020 necem.

293 1051 386 1098 Aut
409 1061 449 1096 te
473 1047 676 1095 devoveat
699 1047 829 1096 certis
850 1047 1027 1095 Abdera
1051 1047 1230 1105 diebus,

359 1129 556 1192 Saxaque
580 1125 787 1173 devotum
811 1125 1020 1188 grandine
1043 1125 1170 1191 plura
1188 1137 1352 1191 petant.

293 1206 386 1253 Aut
405 1206 433 1251 J
437 1203 528 1252 ovis
552 1202 698 1251 infesti
723 1201 810 1250 telo
832 1203 985 1251 feriare
1008 1201 1188 1251 trisulco
1207 1239 1219 1261 ,
1392 1266 1397 1277 ι

359 1283 424 1330 Ut
446 1292 565 1331 satus
590 1281 834 1346 Hipponoo
849 1316 860 1337 ‚
887 1278 1217 1349 Dosithoesque
1239 1290 1384 1345 pater;

293 1421 460 1445 converso
472 1434 482 1451 ,
500 1421 609 1453 quum
625 1407 662 1441 in
680 1406 819 1454 Cybelis
835 1406 966 1451 templo

293 1461 420 1497 amoris
435 1460 619 1505 impatiens
631 1459 872 1504 Hippomenes
885 1471 965 1493 cum

293 1514 405 1560 puella
422 1525 497 1547 rem
514 1510 696 1546 habuisset.
711 1511 814 1545 DoM.

323 1567 365 1610 46
372 1580 382 1600 ι
390 1594 397 1601 .
405 1567 546 1609 Solaque
552 1565 698 1597 Ll'mone.
708 1562 855 1596 Limone
861 1588 870 1605 ,
880 1561 966 1607 Hip·

293 1617 451 1664 pomeriis
467 1629 507 1650 ex
523 1614 683 1649 Atalanta
696 1640 705 1656 ,
723 1613 793 1648 filia
806 1640 816 1657 ,
837 1627 855 1647 a
867 1620 964 1658 patre

292 1672 330 1705 in
345 1668 514 1704 adulterio
532 1666 746 1712 deprehensa
760 1691 768 1708 ‚
791 1665 887 1710 equis
903 1665 964 1700 di-

290 1720 480 1767 scerpenda
494 1726 544 1754 est
558 1717 693 1753 tradita.
707 1719 798 1752 ΖΑΒ.

335 1774 409 1817 463.
425 1772 517 1811 Aut,
537 1777 574 1805 ut
592 1771 792 1810 Cassandri,
813 1771 965 1803 dominus

291 1839 357 1861 non
374 1827 486 1859 mitior
500 1825 569 1857 illo.
589 1822 682 1856 Libri
705 1821 806 1856 multi
829 1828 963 1856 veteres

293 1878 512 1916 (lassandus,-
530 1873 671 1918 quidam
685 1875 896 1908 Cassandrus
905 1875 963 1907 do-

291 1933 380 1964 mino
399 1941 463 1962 non
479 1930 592 1960 milior
613 1928 691 1965 illo,
716 1924 793 1968 vel,
813 1925 963 1959 Cassan-

290 1983 388 2015 dreus
401 2007 409 2020 ‚
450 1985 488 2013 ut
515 1977 767 2023 Apollodorum
806 1976 961 2011 Cassan—

290 2032 373 2066 driae
396 2033 587 2078 tyrannum
614 2027 801 2073 intelligat,
827 2028 869 2062 de
891 2041 961 2072 quo

287 2084 391 2117 Pont.
404 2082 531 2124 ljh.11,
546 2079 599 2114 El.
615 2091 651 2113 lx
664 2105 672 2123 ,
687 2080 745 2114 uhi
759 2079 961 2114 monuimus

285 2133 506 2168 scribendum
533 2131 666 2174 videri,
693 2143 739 2165 vs.
762 2132 827 2173 43:
850 2145 867 2161 «
886 2130 960 2165 Aut

289 2185 513 2221 Cassandreae
527 2183 671 2218 domino
685 2196 758 2216 non
770 2182 888 2217 mitior
902 2196 960 2216 ur-

284 2239 345 2274 bis.
364 2253 381 2268 »
400 2238 533 2272 Hmns.

329 2290 404 2333 465.
416 2290 488 2323 Aut
501 2294 540 2323 ut
550 2289 771 2322 Abantiades.
787 2287 957 2321 Perseum

283 2340 463 2385 intelligit;
480 2352 561 2374 nam
574 2352 614 2374 ex
623 2339 763 2386 Lynceo
774 2345 809 2373 et
822 2339 957 2385 Hyper-

283 2401 437 2427 mnestra
455 2393 547 2427 Abas
559 2418 568 2436 ,
587 2405 628 2426 ex
649 2391 782 2425 Abante
801 2392 956 2426 Praeteus

280 2452 316 2479 et
342 2445 492 2479 Acrisius
507 2471 517 2488 ‚
544 2457 585 2478 ex
611 2443 743 2479 Acrisio
764 2443 885 2477 Danae
899 2469 908 2487 ,
935 2457 954 2478 e

279 2497 402 2531 Danae
427 2497 574 2531 Perseus
600 2495 768 2530 oriundus
795 2502 846 2529 est
864 2509 871 2529 ε
896 2496 954 2539 qui

280 2548 406 2583 arculae
420 2548 589 2590 inclusus,
608 2548 649 2581 ab
665 2546 795 2582 Acrisio
807 2547 843 2581 in
857 2560 952 2581 mare

277 2612 427 2646 praeceps
441 2598 540 2633 datus
552 2606 620 2642 est,
639 2606 821 2643 postquam
833 2611 954 2633 consu-

274 2652 361 2686 lenti
380 2651 496 2685 Deum
521 2657 587 2700 περὶ
607 2655 724 2685 παίδων
741 2653 882 2694 γενέσεως
897 2651 953 2699 ἆῤ·-

274 2706 381 2752 (ξένων,
399 2715 439 2736 ex
455 2701 594 2736 oraculo
609 2714 813 2745 responsum
838 2708 926 2735 esset
941 2727 950 2744 ‚

276 2755 489 2790 nasciturum
504 2767 523 2789 e
541 2753 610 2788 filia
627 2752 739 2787 filium
751 2780 759 2794 ‚
780 2766 798 2786 a
815 2766 884 2797 quo
899 2754 951 2787 in-

1030 1405 1263 1440 terimeretur.
1277 1406 1369 1439 Vn.
1388 1406 1512 1440 ANDR.
1522 1425 1566 1432 —
1577 1409 1707 1454 Lyrne-

1029 1459 1100 1489 sius
1109 1458 1215 1491 heros.
1226 1459 1389 1502 Cycneius
1397 1469 1477 1491 cum
1485 1457 1706 1502 San-avianm

1029 1506 1292 1551 multiLigneius
1301 1514 1336 1541 et
1346 1508 1502 1552 Lenelos;
1515 1521 1579 1553 pro
1589 1511 1707 1546 Caesus

1028 1559 1133 1593 etiam
1144 1561 1287 1594 Clausus
1298 1561 1707 1605 reponendumperseus

1028 1612 1123 1645 enim
1134 1619 1169 1647 et
1181 1612 1298 1647 Tenes
1309 1625 1395 1648 arcae
1407 1613 1529 1649 inclusi
1539 1615 1685 1651 suerunt
1694 1643 1704 1659 ‚

1029 1677 1138 1709 quum
1150 1665 1185 1698 in
1198 1678 1294 1700 mare
1305 1665 1618 1711 praecipitabantur.
1633 1668 1706 1703 Nos

1028 1715 1126 1760 plura
1143 1716 1185 1750 de
1203 1716 1269 1751 hoc
1284 1716 1360 1752 loco
1377 1718 1468 1752 notis
1486 1719 1705 1754 uberioribus

1026 1767 1062 1800 in
1083 1767 1241 1801 medium
1258 1768 1487 1813 proferemus.
1504 1771 1605 1805 H.-
1617 1772 1707 1818 Lyr-

1026 1822 1139 1852 nesius
1151 1821 1256 1853 heros.
1276 1820 1448 1864 Loquitur
1465 1821 1507 1855 de
1524 1821 1680 1866 Telepho
1692 1848 1703 1864 ,

1028 1871 1088 1915 qui
1113 1871 1324 1918 Lyrnesium
1349 1878 1384 1906 et
1405 1871 1581 1908 Pedasum
1601 1874 1703 1908 urbes

1025 1922 1138 1956 tenuit
1154 1922 1301 1967 imperio
1315 1935 1323 1957 ι
1338 1923 1365 1957 is
1380 1936 1460 1958 cum
1475 1925 1576 1969 Auge
1590 1933 1702 1960 matr-e

1025 1974 1063 2008 in
1086 1986 1214 2008 urnam
1231 1974 1410 2019 impositus
1426 2001 1435 2019 ‚
1458 1976 1702 2021 ut‘Euripides

1025 2032 1061 2059 et
1079 2025 1205 2060 Strabo
1220 2026 1376 2060 scribunt
1390 2053 1399 2068 ‚
1422 2026 1465 2060 ad
1488 2027 1574 2062 ostia
1594 2027 1701 2076 Cayci

1024 2076 1180 2111 fluminis
1191 2076 1324 2112 delatus
1335 2085 1385 2112 est
1396 2104 1405 2120 ,
1417 2078 1476 2112 ubi
1488 2079 1623 2124 imperii
1635 2079 1700 2114 he-

989 2134 992 2137 *
1023 2142 1079 2164 res
1095 2130 1234 2164 relictus
1251 2139 1303 2166 est
1319 2143 1337 2164 a
1353 2130 1582 2167 Theutrante.
1595 2131 1698 2167 Dom.

1066 2182 1141 2229 469.
1159 2183 1304 2223 Abdera.
1322 2183 1418 2217 Urbs
1432 2183 1588 2218 Thraciae
1599 2182 1698 2217 initio

1023 2235 1107 2269 anni
1129 2235 1310 2269 hominem
1333 2235 1481 2270 devovet
1503 2249 1567 2282 pro
1588 2236 1696 2270 salute
1761 2238 1764 2241 '

1022 2288 1225 2330 communi,
1246 2288 1428 2333 obruitque
1445 2288 1621 2334 lapidibus.

1064 2343 1137 2383 472.
1162 2340 1210 2374 Ut
1226 2347 1323 2374 satus
1341 2341 1525 2383 Hipponoo.
1550 2340 1694 2385 Impre—

1019 2398 1117 2425 catur
1134 2390 1222 2425 hosti
1236 2397 1494 2440 xspoeuvoaerznylm.
1511 2391 1566 2425 De
1582 2391 1695 2436 Capa-

1020 2454 1089 2475 neo
1100 2468 1109 2483 ‚
1122 2441 1300 2487 Hipponoi
1312 2441 1383 2476 filio
1393 2468 1402 2484 ‚
1416 2454 1519 2486 quem
1532 2449 1642 2488 poetae
1656 2443 1693 2477 in

1020 2494 1276 2539 oppugnatione
1294 2493 1495 2527 Thebarum
1513 2520 1522 2537 ,
1544 2494 1692 2528 fulmine

1019 2559 1217 2591 percussum
1237 2558 1307 2580 esse
1333 2545 1480 2591 fingunt.
1506 2546 1596 2582 Illud
1618 2560 1689 2581 non

1017 2597 1163 2642 perinde
1175 2604 1311 2640 notum,
1325 2598 1367 2631 ab
1380 2598 1452 2642 ipso
1464 2599 1616 2643 primum
1624 2611 1690 2633 sca-

1017 2649 1130 2683 larum
1158 2649 1453 2694 oppugnationem
1482 2651 1661 2684 inventam
1680 2663 1688 2690 ;

1017 2703 1114 2746 cujus
1125 2701 1177 2736 rei
1188 2702 1282 2736 testis
1292 2709 1343 2736 est
1354 2704 1519 2748 Vegetius
1532 2729 1541 2746 ,
1553 2701 1609 2736 lib.
1622 2702 1687 2744 lv,

1015 2767 1043 2788 c.
1061 2767 1112 2788 21.
1128 2753 1163 2789 S.
1176 2771 1218 2779 -
1229 2755 1421 2789 Dositboes.
1434 2755 1541 2789 Atrax
1551 2780 1560 2798 ‚
1579 2766 1688 2799 quum
