1794 3100
537 231 630 275 ET
664 229 1174 274 PRAEFATIONES.
1488 248 1569 292 ²9¹

146 324 318 389 generis
341 324 541 373 homines
561 337 606 373 et
628 335 804 391 patrum
827 337 1085 372 nostrorum
1108 324 1321 372 memoria
1343 324 1473 374 multi
1503 345 1578 376 ex-

145 403 416 462 celluerunt,
441 415 485 452 et
505 403 586 453 hac
609 417 761 452 nostra
785 415 910 452 aetate
929 402 1072 451 multo
1088 402 1239 470 plures
1258 403 1477 454 excellunt
1491 444 1504 464 ‚
1527 420 1580 455 ut

144 481 394 540 Victorius,
421 482 654 540 Muretus,
678 482 891 545 Sigonius
908 520 919 539 ‚
955 481 1223 540 Ciacconus,
1262 482 1457 541 Statius,
1488 485 1578 533 Ur—

143 558 293 619 sinus,
320 559 535 624 Scaliger,
560 558 650 608 alii.
679 559 887 623 Quorum
915 578 998 623 ego
1029 559 1240 610 insistens
1274 560 1495 624 vestigiis,
1532 563 1581 611 in

142 640 320 689 Ovum
344 640 651 688 HALIEUTICO
667 676 679 695 ‚
707 657 839 705 opere
862 657 998 704 quum
1023 637 1078 685 ad
1102 636 1288 686 latinum
1308 657 1552 687 sermonem
1567 679 1579 698 ‚

142 726 239 764 tum
261 715 318 764 ad
338 716 528 782 piscium
551 726 731 763 naturas
760 726 892 781 atque
917 714 1093 777 ingenia
1119 715 1425 777 cognoscenda
1458 715 1581 766 valde

141 791 269 852 utili,
293 792 571 842 emendando
606 804 740 859 atque
769 791 1034 840 illustrando
1060 812 1151 841 non
1173 811 1360 859 parvum
1383 794 1582 845 studium

141 870 294 937 posui,
310 869 557 936 veterisque
577 867 839 935 exemplaris
852 906 863 926 ,
887 867 1006 935 quod
1022 868 1194 918 nullum
1208 881 1351 918 exstat
1359 870 1579 920 hodierno

142 948 240 1007 die,
260 967 344 1015 ope
378 947 642 1004 destitutus3
673 946 936 1013 conquisitis
970 958 1115 996 tamen
1141 948 1445 1014 praestantium
1467 950 1584 998 viro—

142 1028 242 1075 rum
255 1026 442 1094 ‚2q11'i-in
462 1024 628 1074 talibus
650 1024 786 1074 rebus
805 1043 974 1073 summa
998 1044 1095 1073 cum
1118 1024 1246 1074 laude
1266 1027 1425 1076 versati
1445 1040 1552 1076 sunt
1566 1066 1577 1087 ‚

140 1104 407 1170 conjecturis
423 1141 436 1162 ‚
456 1103 621 1171 quibus
641 1103 853 1169 quasdam
865 1122 984 1151 meas
1002 1103 1174 1162 addidi,
1197 1123 1328 1171 quam
1343 1106 1581 1155 maximum

141 1182 296 1249 potui,
323 1181 537 1231 auxilium
552 1180 706 1230 adtuli.
728 1180 924 1246 Adjunxi
943 1193 1153 1247 praeterea
1174 1182 1451 1240 Aristotelis,
1476 1183 1583 1233 Plu-

139 1259 307 1319 tarchi,
322 1258 512 1318 AEliani‚
534 1259 759 1326 Oppiani,
780 1257 941 1317 Plinii,
963 1259 1259 1327 aliorumque,
1280 1261 1430 1327 quide
1447 1261 1584 1329 pisci-

141 1337 232 1387 bus
250 1336 391 1387 multa
415 1336 546 1389 etiam
570 1336 907 1400 diligentissime
931 1335 1070 1386 literis
1100 1338 1443 1402 consignarunt,
1468 1359 1582 1388 non-

141 1415 264 1466 nulla
281 1415 401 1476 loca,
421 1416 587 1484 quibus
604 1434 700 1482 quae
719 1416 766 1464 in
781 1415 867 1464 hoc
882 1414 1004 1465 valde
1023 1415 1212 1466 lacerato
1222 1418 1442 1485 opusculo
1459 1433 1578 1479 sunt,

138 1492 206 1542 vel
228 1494 397 1560 optime
413 1492 710 1543 illustrantur.
734 1530 743 1540 .
765 1530 776 1541 .
799 1517 811 1541 ‘.
836 1530 862 1541 ..

428 1703 785 1752 Domlmcl
819 1693 1031 1772 MARII
1067 1691 1277 1751 NIGRI

338 1830 667 1873 PRAEFATIO
700 1835 779 1871 AD
813 1834 1039 1870 LIBROS
1076 1834 1368 1871 AMORUM.

142 1988 144 1990 ψ
200 1952 574 2000 PRAEFANDUM
596 1949 709 1999 illud
734 1949 845 2012 mihi
870 1961 1042 1998 tantum
1058 1987 1070 2008 ‚
1103 1948 1299 1997 studiose
1323 1947 1461 1997 lector
1479 1987 1491 2007 ‚
1517 1969 1569 1998 ex

134 2028 285 2080 multis
319 2049 416 2097 quae
438 2030 708 2094 grammatici
729 2028 878 2077 bacin
902 2041 1024 2096 parte
1057 2027 1291 2095 quaerenda
1321 2027 1564 2086 tradidere,

135 2110 314 2158 hiscein
328 2108 455 2157 libris
467 2108 635 2166 censui,
652 2108 755 2175 quis
767 2106 971 2156 videlicet
982 2126 1136 2156 eorum
1150 2105 1207 2154 sit
1223 2103 1380 2154 titulus
1402 2126 1411 2153 :
1433 2117 1567 2173 atque

135 2207 188 2236 eo
211 2187 494 2254 quaerendum
518 2186 772 2250 diligentius
796 2185 1059 2243 existimavi,
1087 2183 1210 2251 quod
1230 2184 1461 2240 doctorum
1480 2183 1564 2231 ho-

132 2264 303 2324 minum
334 2264 418 2313 hac
456 2265 501 2312 iu
540 2283 586 2312 re
622 2264 846 2324 sententiae
879 2263 1061 2327 variant.
1099 2261 1354 2325 Elegiarum
1383 2260 1565 2308 nomine

130 2331 260 2396 multi
282 2356 371 2393 tres
394 2343 477 2392 hos
499 2342 642 2391 libros
665 2341 916 2408 adpellant:
939 2341 1016 2390 sed
1037 2359 1194 2408 parum
1218 2352 1332 2388 recte
1349 2377 1360 2396 ‚
1387 2350 1438 2386 ut
1468 2357 1562 2386 mea

131 2422 310 2488 quidem
327 2422 413 2472 fert
430 2422 605 2490 opini03
626 2439 727 2470 nam
743 2419 888 2483 elegiae
907 2438 1085 2487 quoque
1104 2431 1230 2476 sunt,
1254 2416 1423 2484 quasin
1436 2416 1560 2464 Tris-

130 2499 251 2548 tibus
270 2500 444 2566 scripsit
463 2501 583 2548 Naso
603 2519 613 2546 :
634 2497 751 2546 unde
770 2497 965 2545 incertus
989 2507 1033 2544 et
1054 2494 1289 2556 ambiguus
1308 2492 1380 2540 hic
1401 2491 1558 2540 titulus

129 2575 395 2626 redderetur.
407 2576 499 2630 Alii
509 2577 750 2625 Corinnam
765 2584 924 2634 vocant
937 2593 947 2620 :
961 2573 1075 2624 inter
1089 2591 1203 2638 quos
1214 2583 1281 2619 est
1291 2582 1442 2619 noster
1450 2570 1562 2617 Her-

130 2653 302 2711 molaus
320 2655 543 2720 Barbarus
558 2692 569 2713 ‚
587 2654 684 2721 qui,
708 2652 882 2720 quoties
898 2670 949 2700 ex
970 2651 1055 2699 hoc
1070 2670 1200 2717 opere
1215 2649 1405 2699 carmina
1424 2648 1528 2696 citat
1547 2668 1558 2697 :

129 2731 343 2789 Ovidius,
365 2731 511 2797 inquit
527 2769 538 2789 ‚
565 2731 611 2778 in
637 2729 831 2779 Corinna
847 2767 858 2787 ,
883 2740 963 2777 etc.
993 2729 1156 2780 Verum
1178 2746 1270 2775 non
1290 2725 1342 2774 de
1359 2725 1556 2779 Corinna
