1794 3100
274 248 362 303 334
611 243 915 291 NOTITIA
947 234 1335 292 LITERARIA

273 349 369 384 cust.
392 348 443 407 et
449 354 533 395 pag.
553 349 730 381 caeterum
746 369 757 389 ‚
783 340 907 393 quoad
928 341 1154 389 lectionem,
1173 341 1218 381 ab
1235 339 1463 397 editionibus
1488 341 1681 382 recentio-

271 407 373 447 ribus
396 436 407 456 ,
447 407 478 446 si
499 420 612 460 pauca
633 406 803 459 quaedarn
824 406 962 446 leviora
997 406 1151 460 excipias
1169 434 1180 454 ‚
1217 421 1301 446 raro
1336 404 1558 455 discedens,
1587 415 1682 447 teste

274 471 507 527 Freytagio
495 486 536 510 m
558 471 735 524 Apparat.
760 470 894 510 literar.
917 478 1010 510 tom.
1036 472 1082 519 Ι,
1102 485 1185 525 pag.
1208 470 1287 523 476
1305 485 1381 524 seq
1406 469 1466 511 Cf.
1491 471 1684 511 Seemiller

271 537 314 576 in
333 537 431 577 Bibl.
456 536 573 575 Acad.
594 535 1000 590 Ingolstadt.incunab.
1021 544 1101 590 typ.
1123 537 1295 586 Fasc.1‚
1314 551 1397 591 pag
1415 535 1494 585 26,
1510 545 1549 577 et
1562 538 1681 577 Dcnis

279 601 417 641 Annal.
440 609 518 656 typ.
542 600 676 653 Suppl
694 601 792 640 Part
816 603 862 649 l,
883 616 966 655 pag.
990 600 1027 639 8.

331 669 505 707 Romana
523 667 549 706 I
559 695 572 714 ‚
591 681 674 718 quae
685 668 856 719 princeps
870 668 1039 717 Operum
1053 667 1209 708 habetur
1225 697 1236 717 ,
1261 668 1408 708 duobus
1428 669 1683 711 voluminibus

277 735 414 775 in—fol.
442 732 707 783 comprehensa
723 760 734 780 ‚
759 746 803 771 ex
833 733 1097 787 recognitione
1120 735 1182 774 Jo.
1210 734 1373 774 Andreoe
1394 735 1497 775 Aler.
1521 758 1576 796 -ss
1593 738 1683 776 Vo-

276 803 404 841 lumen
422 802 456 839 -Ι
489 798 750 850 complectitur
774 799 889 839 libros
911 801 1271 852 Metamorphoseon
1288 829 1300 850 ‚
1336 801 1470 855 'quibus
1499 798 1687 857 praemissa

279 876 337 906 est
353 869 378 906 J
381 880 465 905 oan.
484 864 648 905 Andreae
670 865 841 915 Epistola
854 866 900 905 ad
913 866 1083 905 Paullum
1101 868 1141 905 11
1158 895 1169 914 ‚
1201 867 1282 906 data
1297 868 1413 906 Rome
1427 869 1689 921 quintodecimo

277 932 354 971 kal.
379 931 478 981 Aug.
507 930 567 968 M.
601 929 752 1008 CCCC.
773 929 925 969 LXXI.
950 932 996 969 In
1013 928 1090 969 fine
1113 930 1353 986 legunturhi
1378 938 1540 996 versus:
1597 935 1599 938 ’

473 1031 607 1078 Aspicis
627 1031 766 1067 illustris
781 1033 888 1068 lector
903 1033 1112 1078 quicumque
1128 1032 1258 1068 libellos

476 1093 513 1128 Si
530 1093 625 1138 cupis
643 1093 816 1128 artificum
831 1092 975 1128 nomina
992 1106 1092 1128 nosse
1112 1107 1120 1128 z
1139 1091 1214 1139 lege

474 1154 607 1198 Aspera
626 1153 751 1188 ridebis
767 1154 976 1199 cognomina
994 1160 1164 1189 teutona.
1180 1143 1298 1188 forsan

478 1212 620 1258 Mitiget
637 1226 690 1247 ars
706 1213 812 1248 musis
828 1214 933 1249 inscia
955 1214 1060 1248 verba
1076 1214 1203 1248 virum.

473 1271 658 1307 conradus
675 1273 939 1321 Suueynheim:
955 1274 1132 1309 Arnoldus
1149 1275 1392 1319 Pannartzque
1408 1273 1559 1319 magistri

482 1333 596 1367 Rome
617 1333 875 1379 impresserunt
885 1333 964 1368 talia
980 1334 1090 1368 multa
1106 1333 1218 1368 simul.

475 1393 602 1428 Petrus
621 1407 702 1429 cum
718 1394 826 1429 fratre
843 1394 1026 1435 Francisco
1041 1394 1216 1429 Maximus
1235 1394 1338 1429 ambo
1382 1400 1386 1402 “
1408 1430 1411 1433 ‚

479 1453 575 1506 Huic
591 1454 688 1499 operi
704 1461 856 1500 aptatam
875 1454 1095 1489 contribuere
1116 1453 1274 1488 domum.

281 1535 470 1574 Volumen
496 1537 535 1573 II
557 1536 688 1574 iisdem
703 1536 826 1590 typis,
839 1535 1050 1588 eodemque
1070 1536 1307 1583 fortemne,
1324 1535 1572 1591 ἱιιιριεεειιιιι,
1581 1531 1694 1572 lubet

284 1600 472 1638 Amorum
488 1599 606 1639 hbros
628 1602 719 1648 ΙΙΙ,
747 1599 895 1654 Elegias
929 1600 974 1639 de
998 1600 1093 1639 Arte
1114 1599 1304 1647 Amandi.,
1337 1598 1528 1645 Puliccm.,
1552 1597 1598 1635 de
1620 1598 1695 1636 Re-

283 1665 407 1704 medio
434 1665 587 1704 Amoris
603 1694 614 1713 ‚
651 1665 965 1704 Consolationem
992 1666 1037 1704 ad
1059 1665 1202 1706 Liviam
1221 1693 1232 1711 ,
1261 1663 1469 1718 Epistolas
1480 1662 1666 1713 Heroides
1683 1690 1695 1709 ‚

283 1731 432 1769 Nucem
448 1738 462 1777 ,·
488 1729 709 1769 Medicatam
735 1727 888 1774 faciem,¹
914 1729 1000 1768 Ibin
1017 1758 1028 1777 ‚
1061 1729 1178 1768 libros
1200 1720 1383 1768 Tristiiim
1401 1755 1412 1775 ‚
1440 1725 1485 1766 de
1513 1726 1640 1766 Ponto
1658 1733 1698 1764 et

283 1795 428 1834 Fastos.
450 1795 495 1832 In
513 1794 587 1848 fine
607 1794 747 1833 horum
766 1794 932 1847 legitur.
958 1795 1066 1832 Fi'ms
1094 1794 1339 1832 VIl1bror-um
1358 1793 1554 1831 Fastorum
1576 1788 1700 1830 Ovidii
1729 1803 1731 1805 ’

286 1861 340 1899 ad
369 1860 425 1898 Ti.
446 1846 637 1905 Censorem
671 1860 936 1899 Germanicum
952 1859 1050 1910 Aug.
1073 1881 1128 1888 -
1147 1858 1269 1897 Maitt·
1289 1873 1371 1912 pag.
1392 1852 1495 1903 303;
1527 1856 1666 1894 Pan'zer
1683 1883 1694 1903 ‚

284 1933 377 1966 tom
404 1927 469 1973 ΙΙ,
494 1939 575 1981 pag
596 1923 687 1972 425.
718 1925 842 1977 Hujus
860 1923 1035 1970 editionis
1053 1938 1131 1962 non
1151 1922 1224 1962 nisi
1248 1921 1324 1962 550
1353 1920 1570 1987 exemplaria
1586 1913 1697 1966 evul-

286 2000 367 2045 gata
391 1991 535 2039 fuisse,
565 1998 722 2030 testatur
762 1990 889 2028 Index
899 1989 1081 2029 librorum
1103 1988 1147 2028 ab
1178 1988 1274 2027 Arn.
1300 1983 1504 2027 Pannartz
1513 1992 1551 2026 et
1574 1985 1697 2026 Conr'

289 2056 554 2111 Sweynheim
543 2070 822 2109 impressorum.

341 2123 587 2160 Bononiensis
613 2123 629 2159 Ι
651 2135 805 2172 operum
821 2150 831 2170 ⁷
851 2120 981 2172 inssfol.
1005 2133 1024 2157 a
1045 2121 1249 2168 Francisco
1264 2120 1466 2159 Puteolano
1480 2118 1673 2174 recognita
1685 2146 1697 2166 ,

285 2195 325 2226 et
345 2186 545 2227 Francisco
576 2186 790 2239 Gonzagae,
811 2185 984 2225 cardinali
1005 2186 1210 2234 Mantuano
1231 2185 1358 2224 dicata.
1385 2184 1481 2224 Post
1495 2182 1698 2229 dedicatio-

283 2266 372 2291 nem
393 2252 562 2305 sequitur
583 2251 671 2289 Vita
693 2251 823 2306 Ovidii
840 2251 918 2306 ‚ad
935 2251 1039 2305 cujus
1057 2250 1193 2290 calcem
1213 2249 1350 2304 legitur
1365 2264 1380 2296 ‚z
1401 2266 1420 2299 ςι
1444 2249 1570 2302 Hujus
1589 2260 1698 2298 opera

288 2316 438 2365 omnia,
468 2317 598 2356 Medea
619 2324 790 2367 excepta,
811 2325 849 2355 et
869 2316 1063 2371 triumpho
1078 2316 1241 2369 *Caesaris
1259 2345 1270 2364 ‚
1302 2310 1340 2354 et
1355 2315 1481 2369 libello
1504 2315 1572 2355 illo
1590 2315 1698 2360 Pon-

287 2382 360 2421 tica
376 2382 503 2436 lingua
515 2382 728 2436 composito
740 2411 751 2430 ‚
764 2397 848 2435 quae
859 2381 1001 2427 incuria
1010 2390 1223 2435 temporum
1238 2381 1444 2433 perierunt,
1456 2382 1700 2425 BALTRESAR

288 2447 560 2496 AZOGVIDUS‚
583 2447 672 2488 civis
695 2447 950 2487 Bononiensis
965 2475 975 2495 ‚
996 2446 1265 2502 ,honestissimo
1285 2447 1495 2503 loco-natus
1512 2473 1524 2494 ‚
1545 2454 1701 2484 PRIMUS

290 2525 335 2552 IN
361 2524 437 2551 sva
469 2523 662 2553 clv1TA‘rE
690 2523 808 2551 ARTls
839 2523 1126 2552 IMPRESSOMAE
1149 2509 1387 2559 ιΝνΕιὶῑΤοΒ,
1411 2519 1610 2562 etsumma
1631 2522 1703 2547 ne—

291 2577 516 2618 cessitudine
537 2577 628 2617 mihi
645 2570 975 2632 conjunctissimus
999 2577 1045 2616 ad
1062 2576 1258 2615 utilitatem
1285 2575 1439 2615 humani
1459 2575 1606 2629 generis
1627 2573 1705 2611 im·-

290 2641 438 2693 pressit.
467 2660 485 2676 n
505 2644 557 2681 Μ.
578 2641 735 2681 CCCC.
751 2636 893 2681 LXXI.
917 2642 1030 2682 Char.
1050 2643 1165 2681 Rom.
1186 2641 1265 2681 sine
1280 2640 1377 2696 sign.
1396 2647 1490 2679 cust.
1509 2646 1547 2678 et
1560 2651 1703 2692 pag.—

294 2707 415 2748 Maitt.
431 2722 514 2761 pag.
535 2706 611 2758 307
627 2722 636 2755 ;
652 2709 813 2757 Panzer,
835 2716 928 2748 tom.
947 2710 988 2758 Ι,
1004 2721 1088 2763 pag.
1104 2706 1199 2756 2ο4;
1222 2706 1309 2747 coll.
1324 2714 1417 2746 tom.
1434 2705 1503 2754 IV,
1515 2718 1598 2759 pag.
1613 2701 1702 2750 242.
