1794 3100
567 227 702 272 PER
733 229 778 272 J.
814 228 1116 274 MASSON.
1483 236 1571 296 239

302 365 308 373 .
350 319 494 364 Pro-suit
506 320 559 356 his
570 346 581 365 ,
598 321 761 357 Graecine
774 348 784 367 ,
804 321 887 358 locis
906 334 1012 360 mono
1029 325 1200 367 flaccum
1219 332 1254 360 et
1269 325 1328 360 illo

398 377 493 421 Ilipa
510 376 610 412 ferox
621 379 706 413 Istri
717 380 779 413 sub
790 380 874 414 duce
890 387 964 414 tuta
981 380 1059 415 suit.

357 432 427 468 Hic
443 433 558 468 tenuit
573 434 696 481 Mysas
711 442 832 480 gentes
849 436 885 470 iu
903 449 985 482 pace
1003 437 1100 473 fideli
1111 465 1121 483 ,

398 489 470 525 Hie
483 503 566 526 arcu
580 489 661 526 fisos
677 492 804 528 terruit
819 505 903 527 ense
922 495 1041 530 Getas.
1079 524 1081 526 .

350 544 422 580 Hic
435 553 573 592 captam
591 548 746 582 Trosmt'n
764 550 775 569 ¹
792 548 897 583 celeri
913 548 1042 584 virtute
1057 555 1197 596 recepit,

404 600 600 648 Infecitque
617 603 694 638 sero
709 604 880 651 sanguine
898 604 1118 640 Danubium.

130 668 303 719 Deinde
320 669 561 734 significat,
575 673 778 722 Flaccum
794 673 883 722 illis
896 674 1126 741 praefuisse
1140 674 1414 738 regionibus,
1433 688 1570 744 quum

123 747 214 814 jam
228 748 327 817 ipse
346 749 537 801 O‘vidius
555 764 670 801 esset
683 753 729 802 in
747 752 901 803 exsilio
922 774 931 802 :
951 772 1115 816 rogans
1135 752 1251 802 enim
1268 766 1320 802 ut
1341 752 1568 803 Graecinus

126 846 151 875 a
170 827 305 878 fratre
329 843 543 897 quaereret
566 832 665 889 loci,
687 832 772 881 ubi
795 834 962 881 Noster
987 831 1220 882 exsulabat
1237 871 1249 890 ‚
1255 833 1435 897 faciem,
1465 834 1568 905 ἕργ-

124 905 297 975 thicique
317 909 573 959 incommoda
589 912 685 959 caeli
704 916 847 973 (vers.
876 911 932 959 81
952 913 971 978 )
994 950 1006 970 ‚
1029 911 1178 969 addit,
1207 931 1320 961 vers.
1349 913 1502 979 87—90
1524 935 1533 961 :

344 996 432 1033 Haec
449 997 510 1033 ubi
526 999 696 1042 narrarit,
713 1012 791 1044 quae
807 1000 852 1034 sit
868 1012 947 1033 mea
963 999 1078 1043 fama,
1097 1000 1239 1046 require
1253 1015 1264 1042 ;

395 1051 552 1098 Quoque
569 1052 679 1087 modo
698 1066 865 1100 peragam
882 1062 1043 1100 tempora
1058 1055 1164 1099 dura,
1183 1068 1267 1100 roga
1278 1082 1288 1099 ‚
1307 1064 1371 1091 etc.

125 1140 170 1177 et
193 1149 331 1197 quum
354 1131 560 1190 dixisset,
584 1150 629 1180 se
653 1130 848 1196 Augusti
873 1133 1050 1180 natalem
1070 1132 1189 1182 ludis
1208 1134 1254 1182 in
1278 1134 1434 1183 exsilio
1456 1136 1565 1183 cele-

124 1208 463 1259 bnraefsotimm
477 1210 639 1270 fuisse,
661 1211 897 1277 subjungit
911 1230 1060 1270 ‚·vers.
1095 1231 1113 1259 1
1129 1230 1184 1279 19
1208 1225 1252 1261 et
1278 1230 1368 1261 120
1388 1233 1398 1261 :

288 1339 289 1342 Ἴ
346 1298 385 1333 Ιε
396 1305 563 1343 quoque,
577 1310 653 1344 quo
665 1298 901 1334 taevusxsuemt
912 1299 976 1334 sub
987 1301 1132 1343 preside
1143 1301 1274 1334 Pontus
1287 1327 1296 1341 ‚

382 1354 544 1390 Audierit
553 1354 666 1389 frater
678 1354 827 1390 forsitan
844 1355 909 1390 ista
925 1363 1017 1390 tuus.

121 1421 483 1487 &citupkfiflmae
504 1423 610 1483 dum
634 1435 790 1480 narrat.
803 1429 819 1448 ²
838 1423 1113 1490 Pomponium
1136 1424 1341 1473 Flaccum
1358 1465 1370 1482 ‚
1402 1445 1563 1474 consu-

121 1499 213 1555 latu
229 1501 780 1567 'pmssfimctum‚2auno.U.
804 1503 853 1551 C.
875 1513 1126 1560 DCCLxxu,
1147 1502 1317 1551 Maesioe
1338 1523 1362 1551 a
1378 1503 1561 1552 Tiberio

118 1581 374 1648 praefectum
399 1581 499 1630 loco
523 1581 686 1631 Lau'm‘i
703 1581 850 1630 Panda·
867 1582 1003 1631 fuisse
1017 1620 1029 1640 ,
1054 1582 1245 1640 indicat,
1273 1601 1375 1631 eum.
1396 1595 1440 1632 et
1459 1596 1561 1632 ante

118 1658 286 1707 ibidem
309 1677 417 1717 cum¹
431 1659 619 1726 imperio
649 1658 800 1709 fuisse.

181 1738 262 1786 IV.
295 1724 450 1804 Neque
489 1737 786 1785 omittendum
813 1737 934 1803 quod
960 1737 1152 1786 Ovidius
1185 1737 1350 1786 ibidem
1377 1738 1430 1787 de
1461 1740 1555 1805 pri-

117 1813 288 1879 vilegiis
307 1835 356 1864 ac
378 1815 738 1864 immunitatibus
761 1815 904 1873 canit,
936 1815 1102 1881 quibus
1125 1815 1269 1863 fuerat
1290 1834 1314 1862 a
1346 1815 1392 1863 T
1390 1816 1522 1863 omitt's
1540 1856 1554 1875 ,-

117 1911 167 1941 ac
189 1893 344 1942 vicinis
367 1893 550 1960 oppidis
575 1904 816 1941 exornatus
831 1932 842 1951 ‚
869 1912 980 1942 vers.
1005 1893 1189 1960 97-104
1211 1914 1221 1940 :

333 1982 415 2018 Hoc
431 1982 512 2018 facit
524 2009 534 2027 ‚
554 1990 593 2017 ut
608 1983 737 2019 misero
745 1983 894 2026 faveant
910 1981 1097 2027 adsintque
1122 1983 1285 2021 Tomisa,-

315 2082 321 2087 ‚
377 2039 466 2074 Haec
481 2039 652 2085 quoniam·
672 2039 774 2075 telius
790 2038 1007 2074 testificanda
1027 2038 1115 2073 mihi
1134 2045 1203 2081 est,
1227 2045 1291 2072 etc.

335 2095 410 2130 Nec
426 2095 512 2130 mihi
530 2095 743 2132 credideris:
761 2103 899 2132 exstant
915 2100 1047 2132 decreta
1059 2123 1068 2135 .
1091 2095 1217 2141 quibus
1232 2108 1305 2130 nos.

378 2150 515 2185 Laudat
531 2159 566 2186 et
581 2156 741 2190 immunes
756 2152 893 2197 publica
906 2165 989 2186 cera
1001 2151 1096 2187 facit.

335 2204 566 2242 Conveniens
581 2207 716 2244 miseris
732 2207 807 2243 haec
823 2221 1026 2254 quanquam
1041 2208 1151 2254 gloria
1169 2221 1244 2243 nou
1262 2215 1331 2252 est,

375 2266 539 2301 Proxima
553 2265 759 2302 dantnobis
770 2269 898 2311 oppida
918 2279 1049 2301 munus
1066 2266 1174 2301 idem.

117 2333 243 2388 Idem,
256 2331 480 2396 significat
499 2333 706 2400 Epistola
729 2346 814 2383 XIV
831 2372 843 2391 ‚
870 2326 957 2401 qua
982 2334 1179 2383 convicia
1204 2353 1229 2382 a
1254 2353 1298 2382 se
1329 2346 1552 2393 removet,

114 2410 526 2478 quibusdicebatur
547 2411 733 2460 Tomitas
752 2412 1024 2461 carminibus
1041 2412 1252 2461 adfecisse
1270 2450 1281 2469 ,
1305 2431 1367 2459 vs.
1390 2410 1554 2477 [47-54.

109 2487 254 2556 'Addit
277 2487 404 2536 etiam
431 2484 478 2536 se
500 2500 759 2555 coronatum
783 2488 838 2536 ab
864 2488 955 2538 illis
980 2489 1116 2538 fuisse
1131 2527 1143 2547 ‚
1168 2507 1278 2537 vers.
1307 2486 1366 2534 55
1388 2508 1398 2535 :

334 2576 513 2623 Tempora
528 2583 660 2612 saerata
674 2589 752 2611 mea
767 2583 851 2611 sunt
866 2575 976 2611 velata
993 2590 1117 2611 corona
1129 2604 1138 2616 ‚

374 2631 538 2667 Pubticus
556 2632 665 2666 invito
682 2644 788 2676 quam
805 2633 902 2666 favor
917 2631 1085 2677 imposuit
1097 2659 1106 2675 ,
1126 2639 1189 2667 etc.

157 2711 167 2730 ¹
195 2708 387 2745 Ptolemaeo
402 2717 454 2744 est
473 2710 597 2758 Mysiae
614 2710 793 2746 inferioris
811 2710 989 2755 oppidum.

156 2766 171 2785 ²
198 2764 324 2799 Annal.
343 2765 398 2799 tib.
416 2764 473 2810 ΙΙ,
491 2779 564 2810 cap.
582 2766 635 2799 66.
