1794 3100
453 224 543 272 DE
573 225 626 267 P.
664 223 923 268 OVIDIO
955 222 1253 269 NASONE.
1479 225 1565 270 333

139 320 265 378 velit,
282 330 334 377 fet
358 317 512 369 doceat
534 336 631 384 quaa
654 316 843 384 quisque
863 317 1108 381 intelligat3
1134 329 1221 365 tam
1241 316 1487 367 admirabili
1507 320 1570 368 se-

139 398 326 459 unitate,
345 408 399 446 ut
411 415 548 464 quum
564 395 708 463 quivis
726 396 842 445 idem
857 415 988 463 posse
1006 395 1228 454 videatur,
1247 414 1378 444 nemo
1400 399 1544 463 possit
1559 418 1569 457 ;

138 494 296 535 nemo,
320 475 409 525 nisi
437 474 589 538 ,magni
625 474 759 525 animi
794 474 1072 533 etcxcitati,
1090 486 1257 523 tentare
1285 473 1402 523 idem
1432 476 1570 535 ausit;

142 553 363 622 sapientes
384 552 516 603 etiam
542 552 787 619 desperent.
815 551 996 618 Ubique
1020 552 1247 603 sententiae
1262 589 1274 610 ‚
1299 551 1467 619 ubique
1487 552 1575 602 loci

145 649 431 684 communes:
459 629 511 680 de
535 630 736 694 ignavia,
766 629 819 678 de
854 628 1122 697 disciplinis,
1158 630 1373 679 brevitate
1394 630 1572 690 formae,

145 727 282 776 opum
305 721 563 777 contemptu
585 729 594 757 :
614 727 758 776 neque
781 728 953 776 semper
975 708 1086 758 falsa
1103 721 1267 758 narrat.
1296 711 1359 758 Ut
1380 710 1427 758 in
1443 729 1575 777 opere

140 786 226 851 jam
245 787 365 839 dicto
383 825 395 846 ‚
414 787 462 836 in
477 807 568 854 quo
584 786 795 854 plurimas
812 787 1021 837 historias
1039 787 1219 855 exponit
1239 826 1252 846 ,
1272 800 1323 836 ut
1337 788 1573 847 Lucretiae;

143 885 245 918 nam
280 866 392 934 quid
418 886 519 916 cum
544 866 823 933 simplicitate
848 865 921 916 illa
947 866 1320 933 comparandum?
1343 886 1475 934 quam
1505 868 1578 916 in-

146 943 264 993 docti
285 957 330 994 et
350 945 503 995 rustici
524 944 781 1003 fastidiunt;
811 945 973 994 urbani
991 957 1036 993 et
1055 945 1236 1008 ingenui
1259 945 1353 995 sine
1370 945 1460 995 ulla
1480 946 1579 994 imi-

149 1023 331 1072 tationis
354 1042 431 1090 spe
452 1023 652 1072 adorant.
675 1024 790 1071 Ecce
813 1021 1097 1080 celeritatem,
1114 1023 1233 1070 Fast.
1255 1024 1319 1080 Il,
1336 1022 1439 1089 735
1464 1036 1576 1091 sqq:

366 1128 446 1164 Nox
460 1135 618 1174 superest
634 1141 642 1163 ε
660 1127 826 1163 tollamur
839 1127 938 1173 equis
948 1154 958 1171 ,
978 1128 1174 1172 urbemque
1196 1135 1364 1173 petamus.

415 1189 519 1226 Dicta
535 1189 677 1235 placent
693 1202 702 1223 ε
715 1189 827 1226 frenis
841 1188 1086 1235 impediuntur
1102 1190 1193 1234 equi.

370 1251 598 1286 Pertulerant
615 1250 778 1285 dominos
797 1263 805 1284 :
822 1250 950 1296 regalia
966 1250 1126 1295 protinus
1143 1251 1207 1296 ipsi

416 1311 525 1346 Tecta
541 1317 668 1357 petunt
682 1324 691 1353 ;
708 1317 823 1346 custos
838 1310 875 1344 in
890 1310 968 1345 fore
985 1310 1102 1346 nullus
1119 1317 1204 1346 erat.

150 1407 315 1466 Nullus
337 1425 480 1476 equus
495 1445 507 1466 ,
534 1427 583 1459 ac
606 1407 678 1457 vix
701 1406 912 1471 cogitatio
935 1406 1159 1470 humanu,
1182 1407 1296 1456 hanc
1319 1407 1580 1457 celeritatem

149 1487 434 1555 adsequatur.
459 1486 568 1538 Tale
591 1498 665 1538 est
681 1486 794 1540 illud
813 1524 826 1545 ‚
847 1485 1073 1549 Fast.llib.
1097 1475 1164 1545 11,
1183 1506 1248 1536 vs.
1274 1505 1360 1554 771
1384 1508 1469 1556 sqq
1489 1509 1498 1536 :

378 1599 438 1636 Sic
454 1598 544 1635 sedtt
559 1613 569 1643 ς
586 1594 635 1635 sic
648 1599 741 1635 culta
758 1598 843 1641 suin
863 1598 912 1634 sic
927 1598 1077 1634 stamina
1095 1599 1211 1634 nevit:

418 1657 563 1706 Iniectae
579 1660 668 1696 collo
684 1660 733 1695 sic
749 1661 889 1706 jacuere
907 1672 1028 1695 comae.

378 1723 457 1761 Hos
473 1722 596 1759 habuit
611 1722 726 1758 vultus
742 1733 750 1755 t
765 1721 839 1758 haec
852 1721 900 1770 illi
916 1722 1022 1757 verba
1036 1721 1186 1758 fuerunt
1202 1736 1212 1764 ς

420 1784 490 1819 Hic
505 1783 618 1826 color,
636 1782 710 1819 haec
725 1781 829 1817 facies
839 1808 849 1827 ‚
867 1781 923 1817 hic
939 1782 1035 1818 nitor
1053 1782 1121 1817 oris
1136 1790 1222 1818 erat.

158 1883 458 1930 Numerorum
481 1891 629 1930 autem-
653 1890 775 1928 tanta
793 1878 839 1930 in
860 1878 946 1926 hoc
965 1877 1132 1944 scripto
1149 1913 1161 1935 ,
1187 1879 1312 1944 cujus
1336 1892 1503 1946 partem
1521 1881 1587 1930 al-

160 1970 296 2009 teram
317 1957 559 2015 habemus,
583 1955 772 2023 paritas,
799 1953 1058 2022 simplicitas
1073 1993 1085 2013 ,
1108 1973 1156 2003 ac
1175 1955 1410 2005 invidenda
1443 1960 1589 2007 suavi-

162 2048 254 2094 tas,
280 2047 358 2093 ut,
385 2034 493 2102 quid
526 2033 675 2097 magni
707 2033 786 2081 viri
823 2032 985 2090 velint,
1023 2053 1160 2100 quum
1190 2035 1349 2084 mutari
1375 2037 1590 2103 quosdam

162 2132 292 2183 posse
310 2113 580 2170 existiment,
606 2126 750 2178 neque
766 2111 879 2178 ipsi,
903 2111 990 2161 nisi
1011 2110 1140 2161 fallor
1156 2149 1168 2169 ,
1193 2132 1336 2180 neque
1355 2133 1440 2165 nos
1460 2115 1590 2164 intel-

158 2193 359 2257 ligamus.
397 2191 607 2242 Nondum
630 2191 747 2239 enim
778 2192 985 2257 cuiquam
1018 2190 1065 2239 id
1089 2192 1359 2259 probarunt,
1388 2213 1525 2261 quum
1546 2195 1594 2243 in

161 2268 297 2322 simili
315 2268 536 2321 scribendi
559 2287 717 2330 genere
740 2268 899 2317 versati
923 2280 1041 2319 sunt.
1060 2269 1187 2318 Libri
1198 2269 1435 2328 Tristium,
1454 2283 1498 2319 et
1516 2271 1593 2338 qui

164 2346 388 2405 delPonto
407 2345 737 2403 inscribuntur,
762 2363 852 2411 quo
873 2345 931 2394 ab
954 2345 1075 2396 omni
1097 2345 1390 2395 adfectatione
1413 2349 1433 2409 (
1451 2365 1594 2413 quan—

164 2444 296 2492 quam
319 2425 374 2473 iis
398 2443 497 2472 cum
521 2423 746 2490 plerisque
768 2421 889 2472 illius
919 2424 1096 2490 scriptis
1118 2424 1204 2472 hoc
1230 2434 1467 2495 commune
1488 2425 1594 2490 est)

165 2502 306 2565 magis
325 2501 454 2554 alieni
473 2512 577 2554 sunt
590 2539 602 2559 ,
624 2518 676 2548 eo
693 2499 833 2562 magis
854 2501 1149 2550 commendari
1168 2500 1387 2566 juventuti
1409 2501 1593 2560 ‹lebent3

167 2592 212 2629 et
240 2580 409 2647 ubique
443 2579 666 2635 latinitas,
692 2577 763 2629 vel>
786 2577 902 2626 inter
922 2579 1076 2647 prima,
1103 2581 1168 2628 Ut
1189 2598 1280 2627 non
1305 2591 1466 2628 temere
1487 2582 1596 2628 Mu-

167 2671 289 2708 retus
307 2697 318 2718 ,
346 2678 462 2725 quo,
496 2656 777 2726 postpliteras,
795 2668 997 2714 renatas,
1019 2675 1150 2708 nemo
1186 2657 1280 2706 sine
1306 2657 1598 2707 adfectatione

170 2738 414 2801 elegantius
438 2738 642 2804 scripsit,
669 2736 922 2803 quemdam,
947 2737 1023 2802 qui
1054 2737 1222 2785 auctori
1245 2749 1368 2786 tanto
1391 2739 1505 2786 hanc
1527 2738 1600 2786 de-
