1794 3100
293 227 372 267 118
723 225 774 266 P.
817 224 1050 269 OVIDII
1084 191 1260 270 VITA

287 318 372 364 An.
397 317 442 372 Ι,
469 314 541 363 01.
574 332 655 380 191
672 353 683 372 ‚
711 334 787 364 seu
808 318 863 364 U.
889 317 939 364 C.
970 316 1084 382 738,
1109 328 1286 365 mortuus
1305 321 1349 364 in
1372 318 1482 367 Asia
1503 318 1688 377 dicitur;

290 393 503 459 siquidem
524 393 671 441 Ovidii
683 394 830 441 Macer
840 393 1084 446 adhucdum
1095 395 1139 442 in
1154 393 1259 443 vivis
1277 407 1386 454 erat,
1411 416 1546 462 quum
1562 409 1693 464 poeta

289 483 441 522 noster
471 471 631 519 librum
657 473 700 519 ΙΙ
734 490 785 519 ex
816 471 951 519 Ponto
973 473 1204 530 scriberet,
1229 492 1344 521 anno
1368 473 1538 524 circiter
1551 476 1608 523 U.
1636 475 1687 524 C.

288 547 382 613 766
396 568 405 605 ;
424 560 473 596 ut
487 549 656 611 egregie
670 547 959 597 hallunicetur
970 549 1022 596 cl.
1043 549 1109 598 vir
1125 550 1221 599 Ger.
1239 550 1423 608 Vossius,
1438 552 1515 618 qui
1529 563 1692 601 utrum-

288 645 372 690 que
394 625 649 682 confundit,
676 624 751 673 lib.
776 624 830 673 de
855 625 994 674 Poetis
1013 625 1111 674 Lat.
1135 639 1214 674 etc.

350 704 482 750 Forte
507 703 636 750 fuerit
657 703 876 768 Pompeius
898 704 1065 757 Macer,
1092 702 1375 768 Theophanis
1397 702 1515 751 filius
1529 741 1540 761 ‚
1565 723 1694 770 quem

286 777 381 826 olim
420 778 564 826 Coesar
593 780 809 845 Augustus
846 780 970 828 Asz'oe
997 789 1293 844 procuratorem
1326 780 1579 832 consu‘tuerat
1592 820 1602 837 ,
1641 793 1694 830 ut

286 856 445 904 Strabo
474 862 484 880 ¹
511 856 688 913 scribit,
715 856 876 904 addens
900 846 992 904 tum
1014 857 1132 904 hunc
1154 856 1287 904 fuisse
1309 856 1412 904 inter
1428 857 1583 924 pn'mos
1612 858 1692 907 Ti-

285 933 396 981 berii
424 932 598 981 Caesaris
618 933 776 980 amicos.
1664 982 1665 985 Ἴ

350 1011 427 1056 IV.
449 1011 500 1056 In
525 1009 629 1057 Asia
660 1028 760 1056 vero
785 1011 996 1057 Nostrum
1017 1009 1102 1058 sub
1126 1008 1316 1057 Varrone
1341 1007 1572 1067 militasse,
1594 1027 1693 1076 per-

287 1105 444 1151 peram,
470 1085 632 1147 legitur
653 1086 699 1132 in
721 1085 996 1143 brevissima,
1021 1105 1150 1151 quam
1172 1085 1306 1151 aliqui
1331 1085 1502 1134 codices
1522 1085 1691 1143 ferunt,

288 1162 390 1210 Vita
408 1200 419 1219 ‚
446 1162 578 1227 idque
605 1161 813 1211 Ciofanus
833 1180 883 1208 ac
905 1161 978 1208 alii
1000 1162 1090 1209 suis
1114 1162 1160 1208 in
1191 1163 1310 1209 notis
1333 1162 1692 1212 inconsideratius

284 1240 575 1305 arripuerunt.
604 1242 838 1306 Repugnat
861 1239 977 1285 enim
998 1238 1159 1286 diserto
1184 1238 1412 1303 ipsiusmet
1432 1239 1583 1288 Ovidii
1607 1250 1691 1289 tes·

237 1316 240 1319 ¹
284 1319 490 1375 timonio,
515 1319 665 1365 Amor.
689 1317 766 1365 lib.
791 1318 834 1374 I,
858 1316 980 1378 Eleg.
1010 1329 1087 1373 XV,
1113 1316 1240 1363 initio
1263 1337 1273 1365 :

502 1421 600 1467 Quid
618 1421 723 1462 mihi,
742 1420 828 1455 livor
843 1421 928 1456 edax
939 1447 948 1464 ‚
966 1420 1106 1466 ignavos
1123 1418 1242 1465 objieis
1257 1433 1386 1463 annos3

541 1483 742 1527 Ingeniique
760 1495 858 1519 vocas
874 1495 1019 1528 carmen*
1033 1482 1153 1517 inertis
1169 1483 1278 1527 opus?

497 1545 578 1580 Non
596 1557 652 1578 me
670 1557 767 1578 more
784 1551 922 1589 patrum
937 1570 945 1586 ,
963 1543 1048 1578 dum
1063 1552 1205 1579 strenua
1221 1544 1367 1579 sustinet
1381 1550 1461 1580 aetas
1472 1570 1482 1588 ,

540 1607 688 1641 Praemia
705 1607 834 1642 militiae
851 1605 1088 1651 pulverulenta
1103 1608 1198 1651 sequi
1213 1605 1230 1638 Ρ

286 1709 381 1757 quae
399 1690 581 1738 canebat
595 1727 607 1746 ‚
635 1709 769 1755 quum
791 1691 878 1755 jam
904 1689 1067 1738 AEneis
1082 1689 1254 1753 vulgata
1269 1728 1281 1748 ‚
1307 1709 1401 1756 quae
1420 1701 1563 1739 tamen
1581 1708 1690 1738 non-

282 1766 366 1815 nisi
405 1777 508 1832 post
548 1765 720 1831 Virgilii
747 1778 955 1822 mortem,
976 1765 1064 1813 hoc
1099 1778 1190 1824 est,
1212 1778 1316 1832 post
1347 1784 1507 1813 annum
1543 1767 1599 1812 U.
1637 1766 1686 1813 C.

283 1855 502 1891 DCCXXXV
525 1842 609 1889 fuit
632 1842 773 1898 edita;
797 1836 881 1888 vid.
908 1842 1021 1890 infra
1041 1842 1096 1890 ad
1117 1861 1185 1888 an.
1212 1854 1461 1889 Dccxxxvl.
1500 1840 1623 1905 Quin
1647 1854 1691 1890 et

278 1918 367 1982 jam
383 1917 428 1965 in
445 1916 599 1965 exsilio
619 1917 837 1965 scribebat
851 1956 861 1971 ,
889 1916 1022 1964 Trist.
1041 1916 1118 1964 lib.
1139 1918 1215 1972 IV,
1233 1915 1300 1963 El.
1325 1930 1342 1963 1
1358 1953 1369 1973 ‚
1388 1935 1448 1964 vs.
1473 1934 1525 1982 71
1543 1929 1587 1965 et
1605 1934 1687 1983 72:

494 2014 626 2058 Aspera
643 2015 911 2056 m‘litz'aejuvemzr
927 2013 1116 2048 certamina
1123 2013 1223 2057 fugi,

542 2076 617 2111 Nee
633 2075 698 2109 nisi
715 2074 830 2109 lusura
846 2075 1018 2109 movimus
1034 2090 1130 2110 arma
1146 2089 1252 2111 manu
1266 2103 1275 2120 ,
1292 2085 1356 2112 etc.

450 2281 557 2314 Anno
573 2286 652 2314 ante
672 2279 835 2321 C.·xx1v;
855 2280 900 2315 U.
920 2279 961 2314 C.
979 2289 1144 2321 nccxxx;
1163 2279 1281 2314 Ovidii
1308 2291 1370 2314 mx
1384 2286 1422 2314 et
1438 2291 1494 2313 xx.

319 2371 361 2407 C.
380 2372 590 2408 CAESARE
609 2372 853 2408 AUGUSTO
875 2374 908 2407 X
923 2400 932 2416 ‚
959 2372 1001 2409 C..
1020 2371 1264 2408 NORBANO
1287 2371 1487 2407 FLACCO
1507 2371 1642 2408 COSS.

339 2468 373 2513 Ι.
399 2469 605 2515 NASONIS
624 2467 764 2515 nostri
784 2467 920 2514 ,frater
943 2479 1048 2515 natu
1069 2467 1217 2531 major,
1238 2465 1308 2514 his
1329 2465 1589 2514 consulibus
1613 2465 1687 2514 de-

271 2544 426 2600 cessit,
454 2557 496 2592 et
521 2545 696 2610 quidem
715 2557 818 2610 post
835 2559 898 2592 XX
917 2545 1067 2592 Martii
1088 2545 1223 2601 diem,
1249 2564 1336 2610 quo
1358 2544 1433 2593 ille
1456 2541 1689 2594 duodecim

313 2659 323 2677 ¹
348 2657 422 2691 Lib.
439 2658 551 2702 XIII,
572 2671 643 2706 pag.
658 2661 747 2705 918;
772 2658 916 2694 Confer.
930 2659 1038 2695 Tacit.
1063 2660 1156 2693 Ann.
1175 2658 1231 2693 lib.
1247 2658 1286 2702 I,
1301 2671 1444 2705 cap-723
1464 2665 1499 2694 et
1513 2658 1574 2693 Hb.
1595 2658 1672 2700 VI,

269 2725 340 2756 cap.
361 2714 408 2746 18.
