1794 3100
595 259 724 302 PER
756 259 800 302 J.
836 257 1141 303 MASSON.
1502 261 1587 318 243

168 375 192 398 ³>
218 353 271 402 C.
293 351 472 402 Duilius
495 363 714 403 struxerat
731 390 744 411 ,
780 364 858 401 etc.
885 375 907 395 »
946 354 1015 402 En
1041 351 1190 420 plures
1225 354 1420 403 Deorum
1449 356 1560 405 aedes
1577 395 1590 415 ‚

165 449 273 498 quas
290 429 376 478 hoc
394 448 509 478 anno
526 429 753 479 restitutas
769 430 984 479 dedicavit
1004 431 1195 480 Tiberius
1206 470 1219 488 ,
1237 443 1289 481 ut
1307 450 1359 479 eo
1377 433 1593 499 respicere

160 527 348 576 prorsus
369 509 492 557 Naso
509 508 723 558 videatur.

227 586 449 653 Equidem
478 587 597 636 hunc
640 586 784 636 Ovidii
809 586 954 636 locum
987 587 1042 635 ad
1069 589 1307 654 Augustum
1324 627 1336 644 ,
1378 607 1467 636 non
1492 607 1596 637 vero

163 663 404 722 Tiberium,
435 664 582 715 solent
612 684 705 714 non
743 666 877 714 modo
915 677 1306 722 commentatores,
1333 667 1405 715 sed
1444 678 1487 715 et
1521 667 1597 716 alii

163 740 416 809 complures
437 741 681 791 doctissimi
695 742 776 792 viri
796 743 972 793 referre.
999 744 1060 792 At
1082 745 1268 803 Noster,
1293 745 1489 811 Augusto
1510 745 1597 809 jam

161 830 361 877 mortuo,
385 820 619 877 Fastorum
635 819 776 870 libros
796 821 1035 869 certissime
1055 821 1278 870 recensuit
1295 840 1344 869 ac
1368 821 1563 885 vulgavit
1581 860 1594 878 ‚

162 908 214 945 ut
235 915 373 964 supra
393 896 600 964 pluribus
618 898 1029 947 demonstravimus.
1055 899 1200 962 Igitur
1219 898 1371 946 sacrati
1389 897 1503 946 ducis
1526 918 1601 947 no-

163 975 283 1023 mine
316 974 469 1024 nullus
500 974 613 1023 alius
647 976 769 1024 venit
800 975 1116 1040 intelligendus
1135 1014 1147 1034 ,
1179 987 1472 1043 praeterquam
1508 976 1603 1043 ipse

169 1054 362 1103 Tiberius
375 1073 392 1111 ;
417 1053 635 1120 siquidem
659 1073 758 1102 eum
785 1073 862 1102 ceu
885 1054 1098 1103 viventem
1123 1053 1291 1112 laudat,
1312 1054 1488 1121 ipsique
1509 1074 1601 1104 mu-

164 1144 286 1181 tuam
310 1133 508 1181 Deorum
534 1150 684 1180 curam
710 1143 917 1199 exoptat,
947 1132 1061 1181 sicut
1096 1143 1140 1181 et
1169 1131 1397 1195 longaevos
1436 1152 1604 1193 annos,

162 1208 267 1256 dum
290 1207 544 1274 subjungit,
570 1227 681 1256 vers.
710 1207 772 1254 65
797 1227 807 1256 ε

377 1306 479 1342 Dent
495 1306 556 1341 tibi
576 1305 740 1342 Caelestes
752 1332 761 1350 ,
781 1314 867 1352 quot
884 1314 922 1342 tu
939 1306 1144 1342 Caelestibus
1155 1335 1164 1351 ,
1183 1321 1294 1343 annos
1305 1335 1315 1351 ,

426 1367 568 1412 Proque
586 1372 646 1402 tua
666 1374 833 1402 maneant
849 1368 885 1401 in
900 1368 1049 1402 statione
1068 1368 1186 1402 domo.

225 1447 305 1494 IV.
334 1445 383 1494 Si
406 1465 510 1495 vero
533 1452 665 1514 poeta
689 1458 861 1505 noster,
886 1459 991 1514 post
1014 1446 1141 1495 illum
1169 1447 1419 1496 Germanici
1443 1449 1607 1497 trium-

162 1525 332 1593 phum,
352 1525 508 1574 Fusios
531 1525 586 1574 ad
609 1525 870 1575 umbilicum
893 1526 1126 1594 perduxit,
1145 1545 1193 1574 ac
1212 1527 1256 1574 in
1277 1526 1416 1576 lucem
1439 1528 1604 1586 emisit;

162 1605 269 1655 hinc
287 1625 464 1655 necesse
485 1605 620 1654 fuerit
634 1643 645 1663 ‚
667 1617 717 1653 ut
735 1617 835 1654 ante
854 1605 1029 1653 medium
1046 1605 1219 1653 huncce
1236 1624 1399 1654 annum
1423 1607 1602 1655 minime

164 1684 412 1733 decesserit.
440 1683 618 1732 Etenim
645 1682 922 1752 Hieronymus
957 1682 1004 1730 in
1040 1683 1266 1731 Chronico
1306 1684 1400 1749 ejus
1432 1684 1602 1733 obitum

164 1764 298 1813 refert
320 1763 374 1812 ad
398 1781 563 1811 annum
587 1761 777 1810 Abrahae
800 1774 1064 1820 ΜΜΧΧΧΙΠ,
1088 1762 1164 1829 qui
1189 1781 1212 1810 a
1246 1763 1494 1829 Septembri
1526 1784 1599 1812 su-

160 1841 349 1908 perioris
374 1841 479 1889 anni
503 1840 766 1889 decurrebat
788 1859 797 1887 :
824 1862 846 1882 «
868 1840 1101 1899 OVIDIUS,
1124 1840 1210 1897 ait,
1230 1853 1362 1908 poeta
1378 1841 1424 1888 in
1444 1841 1596 1889 exsilio

166 1942 188 1960 »
215 1919 328 1967 diem
352 1917 490 1975 obiit,
514 1929 559 1966 et
578 1918 702 1983 juxta
724 1917 941 1983 oppidum
971 1919 1139 1965 Tomos
1172 1916 1395 1984 sepelitur.
1425 1941 1447 1961 »
1485 1920 1598 1982 Quae

162 1995 321 2063 procul
347 1996 514 2053 dubio,
538 2015 630 2043 non
655 2014 781 2045 secus
809 2014 859 2043 ac
896 1994 980 2044 alia
1010 1996 1063 2043 de
1087 1995 1190 2044 viris
1221 1995 1470 2044 illustribus
1493 1996 1598 2063 plu-

162 2074 295 2132 rima,
318 2085 545 2122 mutuatus
567 2086 635 2123 est
657 2094 682 2122 a
703 2074 934 2122 Suetonio.

229 2153 394 2218 Quoad
426 2152 576 2201 Ovidii
612 2152 865 2219 sepulchrum
896 2163 1091 2219 spectat,
1121 2170 1249 2215 grave
1285 2170 1374 2199 non
1404 2151 1488 2200 erit
1519 2152 1590 2200 hic

162 2232 451 2300 adposuisse,
479 2249 574 2297 quae
601 2230 853 2297 Stephanus
875 2230 1104 2279 Zamosius
1124 2229 1167 2276 in
1194 2228 1418 2278 Analectis
1446 2229 1595 2277 Daciae

163 2308 494 2376 Antiquitatum
526 2313 535 2332 ¹
562 2306 761 2373 profert:
789 2329 811 2349 «
835 2306 1057 2355 Eusebius
1094 2306 1249 2354 scribit
1277 2306 1322 2352 in
1359 2304 1593 2354 Chronicis

164 2409 187 2428 »
216 2384 428 2434 Ovidium
449 2385 628 2439 Tomis,
652 2383 820 2450 oppido
851 2383 1020 2431 Moesiae
1045 2382 1293 2439 inferioris,
1321 2400 1413 2430 esse
1447 2380 1595 2446 sepul·

162 2487 184 2505 »
214 2475 308 2511 tum
323 2501 335 2522 ‚
365 2462 488 2530 quod
523 2480 643 2510 nunc
682 2461 866 2509 Tomes-
882 2460 939 2508 V
930 2480 981 2509 ar
1000 2480 1092 2510 esse
1117 2473 1299 2528 putatur
1314 2497 1325 2517 ‚
1350 2459 1402 2506 in⁴
1426 2458 1594 2507 finibus

164 2563 186 2583 »
215 2541 384 2598 Daciae,
407 2539 577 2588 etiamsi
596 2540 642 2586 in
662 2558 714 2587 eo
728 2537 1018 2595 describendo
1038 2539 1145 2586 varii
1168 2539 1257 2587 sint
1273 2547 1452 2584 veteres.
1474 2536 1592 2583 Pon-

161 2642 184 2662 »
213 2631 343 2668 tanus
370 2630 516 2667 autem
531 2656 542 2676 ‚
568 2618 615 2666 in
635 2617 750 2666 libro
768 2617 822 2664 de
841 2616 1191 2680 Magnificentia‚
1213 2634 1305 2681 cap.
1336 2613 1414 2673 15,
1436 2613 1590 2670 tradit,

203 2738 214 2756 ¹
240 2735 327 2780 Cap.
348 2746 411 2778 lv,
431 2747 506 2780 pag.
528 2747 564 2780 17
582 2761 590 2777 ,
611 2734 654 2769 ad
672 2734 801 2768 calcem
817 2708 1038 2779 Wolfgangi
1056 2731 1149 2767 Lazii
1175 2730 1419 2767 Commentar.
1440 2730 1482 2764 de
1504 2729 1593 2774 Rep.

160 2793 266 2829 Rom.
282 2806 335 2827 an.
356 2793 448 2839 1598.
