1794 3100
274 253 361 308 254
391 255 568 299 HERc.
594 234 843 301 c10FAN1
867 254 1233 301 DESCRIPTIO
1257 256 1584 303 sULMole.

277 346 488 396 celebrem
504 386 516 406 ‚
546 349 621 415 qui
645 350 760 399 inter
779 349 860 398 alia
885 369 1017 417 opera
1040 351 1318 400 Parthenium
1343 351 1389 399 iu
1412 353 1469 400 D.
1502 354 1688 402 ΜΔΙΠΔΙ.

271 423 502 474 historiam
526 427 713 475 carmine
745 428 924 477 hero'i'co
955 429 1101 477 edidit.
1134 430 1464 478 SERMONETAM
1498 429 1545 478 in
1577 429 1686 478 cite-

270 500 383 548 riore
395 501 522 550 Latio
538 502 708 566 insigne
723 504 935 571 oppidum
948 543 959 563 ,
974 505 1092 571 quod
1104 505 1186 554 sub
1203 507 1411 554 NICOLAIr
1423 507 1657 555 CAJET-AM
1670 543 1683 564 ‚

271 577 501 627 cardinalis
517 580 775 646 amplissimi
789 601 836 630 ae
850 583 1064 649 principis
1079 582 1358 641 nobilissimi,
1376 583 1540 633 ditione
1555 590 1686 650 atque

267 652 451 719 imperio
476 667 569 713 est,
595 669 628 704 D
653 657 741 705 fere
759 657 922 706 abhinc
939 658 1065 707 annis
1089 658 1302 706 coloniam
1320 659 1464 717 misit,
1490 659 1610 726 quod
1628 659 1683 708 ab

267 731 376 779 urbe
400 746 549 781 XXXVI
572 734 706 783 millia
730 755 936 801 passuum
957 736 1090 785 distat
1111 757 1120 793 ;
1154 737 1334 786 Velitris
1358 751 1461 794 XVI,
1484 739 1600 787 Setia
1625 751 1682 797 V,

266 807 478 856 Priverno
501 823 552 867 X,
579 811 810 860 Tarracina
836 825 956 860 XXIII
975 832 984 870 ;
1006 814 1083 861 sed
1100 813 1166 861 hae
1191 826 1276 861 tres
1299 813 1433 863 urbes
1454 813 1681 863 ulteriores

267 896 372 932 sunt
388 885 618 951 Neapolim
637 905 800 936 versus.
823 888 1056 936 SULMONE
1073 908 1176 937 vero
1193 927 1204 947 ,
1225 908 1353 954 quem
1371 890 1416 936 in
1434 901 1577 937 ortum
1599 908 1682 938 aes-

264 961 402 1009 tivum
434 962 569 1010 habet
588 1000 599 1020 ‚
635 963 804 1012 circiter
837 979 908 1013 LX.
943 967 1040 1014 Hoc
1063 978 1207 1014 autem
1232 966 1444 1031 oppidum
1476 978 1682 1032 corrupta

265 1057 415 1085 eorum
441 1050 712 1104 temporum,
739 1041 905 1105 quibus
928 1041 1153 1089 conditum
1175 1053 1264 1098 cst,
1289 1042 1647 1107 pronuntiatione
1664 1079 1677 1101 ‚

264 1135 346 1181 qua
372 1115 514 1163 adhuc
537 1116 666 1164 etiam
690 1117 817 1165 multi
853 1118 1124 1177 abutuntur,
1149 1138 1171 1166 a
1206 1120 1414 1167 Sermona
1444 1119 1681 1183 (Sulmona

263 1193 375 1242 enim
398 1193 540 1242 italice
565 1194 796 1243 dicendum
821 1198 918 1257 est)
944 1197 1242 1245 Sermonetam
1264 1209 1485 1245 vocarunt.
1511 1195 1677 1245 Multas

260 1292 308 1320 ac
333 1292 513 1335 magnas
530 1293 582 1322 ex
603 1273 822 1339 variorum
841 1273 1057 1323 bellorum
1076 1274 1272 1326 motibus
1292 1274 1575 1333 calamitates,
1596 1274 1678 1322 cla—

264 1351 424 1417 desque
452 1370 587 1416 quum
609 1350 712 1399 alias
731 1351 916 1417 accepit,
950 1364 1042 1399 tum
1068 1371 1182 1399 anno
1209 1365 1261 1399 M.
1287 1363 1548 1400 ccc.XLV11.
1573 1354 1676 1417 Qua

262 1427 314 1476 de
325 1447 371 1475 re
385 1429 543 1476 AEneas
562 1428 740 1487 Silvius,
763 1429 809 1476 in
827 1430 931 1477 Dec.
952 1428 1321 1497 BlondiEpitom.
1342 1429 1419 1478 lib.
1445 1433 1509 1478 X:
1535 1453 1556 1472 «
1581 1431 1675 1478 Lu·-

262 1527 283 1545 »
296 1503 489 1552 'dovicus
502 1541 514 1559 ,
533 1523 608 1552 rex
620 1505 843 1568 Ungariae,
860 1505 1099 1554 multorum
1118 1506 1322 1573 precibus
1337 1507 1525 1568 agitatus
1539 1543 1550 1563 ,
1575 1523 1673 1554 cum

262 1603 284 1622 »
307 1580 582 1645 paratissimo
596 1581 785 1630 exercitu
799 1580 966 1630 Italiam
981 1582 1122 1648 petiit,
1141 1583 1395 1650 primosque
1408 1581 1674 1630 Sulmonen-

261 1680 283 1699 »
307 1676 375 1706 ses
385 1657 636 1706 resistentes
649 1657 826 1715 invenit,
840 1679 953 1725 quos
966 1671 1107 1708 tamen
1121 1661 1165 1707 in
1180 1672 1349 1727 potesta
1356 1672 1440 1708 tem
1454 1659 1636 1723 redegit.
1646 1682 1668 1702 υ

257 1737 366 1782 Item
386 1735 557 1783 circiter
571 1754 672 1783 ann.
696 1748 747 1783 Μ.
768 1748 864 1785 CCC.
886 1750 1009 1785 LXXX
1025 1775 1037 1795 ‚
1056 1749 1106 1785 ut
1127 1738 1244 1787 idem
1264 1738 1418 1787 scribit
1439 1737 1492 1785 de
1512 1737 1667 1786 histor,

257 1816 472 1879 Europae:
493 1836 514 1856 «
534 1814 762 1862 Rhenatus
778 1815 1060 1881 ecaptivitate
1086 1817 1291 1866 dimissus
1305 1836 1402 1865 cum
1427 1817 1569 1865 decem
1589 1817 1671 1864 tri-

261 1913 283 1934 »
307 1892 500 1940 remibus
521 1891 748 1957 Neapolim
775 1893 891 1941 venit
905 1931 916 1951 ‚
941 1906 984 1942 et
998 1907 1149 1943 vocato
1163 1895 1217 1943 ad
1230 1915 1274 1944 se
1291 1896 1530 1943 Jacobutio
1555 1897 1668 1945 Can-

258 1956 427 2025 »*dola‚
445 1979 497 2015 et
523 1968 617 2033 ejus
638 1967 820 2017 consilio
843 1969 1106 2035 Scaphatum
1127 1983 1280 2037 petens
1296 2009 1307 2028 ,
1331 1971 1376 2018 in
1402 1970 1667 2019 deditionem

258 2067 280 2088 »
304 2046 470 2111 accepit
488 2066 497 2092 z
518 2045 673 2094 deinde
686 2047 1074 2096 in‘Sulmonensem
1093 2049 1316 2114 profectus
1328 2087 1339 2107 ,
1358 2068 1493 2116 quum
1504 2049 1671 2097 frustra·

257 2144 280 2163 »
302 2122 461 2169 urbem·
472 2122 715 2170 obsedisset
728 2160 738 2179 ‚
755 2142 905 2186 agrum
912 2125 1315 2174 vastavitincendio.
1332 2148 1354 2168 »
1367 2127 1538 2174 Rursus
1546 2143 1664 2173 anno

252 2212 305 2247 M.
318 2210 443 2246 CCCC.
461 2211 534 2257 LX,
553 2199 828 2247 Ferdinando
842 2201 1074 2263 Aragoniae
1087 2214 1308 2266 regnante,
1322 2222 1345 2250 a
1363 2202 1531 2251 Jacobo
1546 2201 1663 2249 Pici-

250 2277 359 2325 nino
377 2288 530 2343 captus
547 2288 591 2324 et
609 2289 880 2343 expugnatus
900 2290 988 2327 est:
1006 2298 1121 2327 anno
1143 2275 1513 2336 autem‘vertentffi
1531 2295 1664 2344 opera

251 2354 487 2402 Alexandri
495 2354 664 2401 Ssortiae
677 2354 732 2401 ab
749 2355 898 2403 eodem
910 2356 1183 2403 Ferdinando
1196 2367 1395 2423 receptus
1409 2367 1486 2404 est.
1504 2356 1661 2403 Postea

252 2441 402 2477 exacto
418 2429 624 2488 triennio,
645 2441 689 2478 et
700 2431 833 2479 rebus
848 2431 962 2479 inter
978 2449 1051 2479 eos
1067 2424 1345 2497 compositis,
1365 2431 1447 2479 sub
1468 2430 1659 2496 ejusdem

250 2506 440 2553 Picinini
452 2526 538 2554 una
550 2526 649 2555 cum
663 2507 833 2556 civitate
845 2503 1067 2566 pinnensi,
1082 2508 1394 2575 nonnullisque
1407 2508 1503 2556 aliis
1515 2511 1658 2576 Apru-

251 2582 301 2629 tii
322 2585 402 2642 (ut
425 2602 542 2630 nunc
561 2582 808 2649 loquimur)
834 2580 1008 2651 oppidis
1031 2578 1212 2652 imPerio
1234 2586 1406 2633 mansit.
1434 2587 1536 2633 Haec
1548 2604 1653 2650 pos-

250 2671 384 2709 trema
407 2679 458 2707 ex
478 2661 676 2725 Baptista
700 2662 838 2724 Pigna
854 2662 899 2710 in
922 2682 973 2711 eo
993 2662 1107 2711 libro
1121 2701 1133 2722 ,
1159 2682 1247 2728 quo
1268 2663 1466 2711 Estensis
1481 2661 1657 2710 ‘familiae

248 2735 477 2783 historiam
501 2749 755 2802 persecutus
775 2749 851 2784 est.
