1794 3100
517 252 589 295 IN
623 251 867 296 ovlon
902 249 1067 294 ImN.
1454 250 1509 309 57

86 371 111 394 »
137 345 378 416 cophronis
396 365 569 399 carmen
583 345 771 409 legimus
794 363 930 410 saepe,
955 344 1001 391 in
1021 362 1111 410 quo
1135 354 1394 405 argumento
1415 342 1512 408 qui-

62 462 65 466 ,
86 449 111 472 »
139 426 236 476 dem
257 425 421 476 ovidio
439 423 666 488 grandior,
689 423 767 472 sed
784 422 930 471 verbis
948 421 1143 488 apertior
1159 420 1292 468 nobis
1316 420 1511 478 videtur;

85 525 112 552 ι)
140 515 183 551 et
201 502 322 560 caeci,
350 501 427 569 qui
449 499 574 549 illum
591 501 938 566 interpretantur
952 537 963 557 ,
988 499 1031 545 in
1058 509 1179 546 tanta
1196 496 1438 563 praesertim
1459 494 1515 542 li-

88 601 112 623 »
139 579 327 628 brorum
351 578 479 646 copia
503 598 514 627 ε
539 596 631 626 non
656 585 744 626 tam
768 576 884 625 enim
911 595 992 642 per
1014 575 1309 641 conjecturam
1331 571 1517 629 fabulae,

90 679 115 701 »
138 669 196 706 ‚ut
212 657 332 724 apud
352 655 476 705 illum
495 655 753 718 indagandae
772 655 971 711 fuerunt,
995 673 1126 720 quam
1148 649 1400 714 colligendae
1418 669 1441 698 a
1455 649 1523 697 di-

90 758 114 779 »
141 736 280 786 versis
302 735 563 785 auctoribus
587 734 773 801 scriptae.
799 756 820 776 n
845 732 1149 796 Quamobrem
1171 728 1337 777 nemini
1359 728 1520 776 mirum

86 813 225 863 videri
247 813 403 873 debet,
427 813 466 862 si
501 825 571 861 tot
603 812 830 861 Ovidianae
860 810 1022 859 mentis
1054 810 1316 875 interpretes
1354 806 1402 853 in
1423 804 1521 871 ple-

86 894 235 960 risque
250 893 362 943 locis
380 892 518 942 veluti
534 893 579 940 in
599 892 715 940 circo
735 891 1068 940 Andabatarum
1088 907 1209 936 more
1233 887 1519 935 decertamus.

86 973 127 1021 A
150 991 279 1021 versu
299 972 508 1020 nimirum
527 970 622 1018 255
639 1008 651 1029 ,
673 970 791 1019 unde
814 972 936 1018 Naso
960 967 1201 1017 fabulasvet
1221 965 1433 1016 historias
1454 985 1525 1013 au-

89 1049 312 1117 spicatur,
338 1050 393 1098 ad
415 1069 589 1098 versum
615 1048 737 1110 645,
765 1048 841 1115 qui
871 1046 1013 1096 libelli
1044 1058 1296 1113 postremus
1327 1056 1418 1102 est,
1447 1042 1525 1091 tri—

90 1129 211 1192 ginta
234 1148 368 1197 supra
393 1129 604 1178 ducentas
621 1138 933 1176 memorantur.
969 1124 1198 1173 Interdum
1220 1143 1310 1172 uno
1334 1121 1524 1171 disticho

92 1218 180 1256 tres
204 1207 506 1265 continentur,
531 1205 756 1254 interdum
782 1216 998 1271 quatuor,
1023 1215 1074 1252 ut
1095 1201 1199 1250 illo:

360 1328 415 1364 Ut
428 1327 497 1362 fuit
514 1327 633 1362 OEtaeo
650 1326 850 1372 quondam,
873 1326 1074 1372 generoque
1094 1325 1287 1360 draconum
1301 1351 1310 1368 ,

401 1388 652 1434 Tisamenique
670 1388 780 1433 patri,
802 1386 1065 1432 Callirhoesque
1082 1387 1178 1429 viro;

91 1490 153 1538 ita
175 1499 228 1539 ut'
251 1489 523 1540 Ovidianum
551 1491 639 1539 hoc
662 1490 933 1557 poematium
957 1489 1207 1538 fabularum
1233 1488 1407 1538 officina
1429 1506 1526 1536 vere

93 1566 181 1615 dici
198 1567 355 1634 possit.
383 1568 526 1617 Causa
542 1587 646 1618 vero
664 1588 688 1617 a
706 1568 838 1617 nobis
857 1587 939 1617 suo
959 1567 1060 1616 loco
1080 1567 1302 1624 afferetur,
1322 1585 1402 1615 cur
1420 1565 1530 1614 Ovi-

94 1645 194 1694 dius
215 1646 483 1695 obscuritati
505 1647 753 1705 studuerit;
773 1647 849 1697 sed
870 1658 913 1695 et
935 1658 1035 1695 ante
1059 1645 1184 1695 illum
1210 1646 1349 1695 Cinna
1370 1656 1524 1712 poeta,

92 1723 269 1788 Virgilii
291 1724 512 1791 praeconio
535 1724 805 1783 celebratus,
833 1725 1086 1792 Smyrnam,
1117 1743 1270 1792 poema
1303 1723 1526 1772 obscuris-

92 1801 278 1861 simum,
303 1802 569 1862 elaboravit,
597 1803 717 1871 quod
743 1799 880 1870 quum
902 1802 1037 1866 vulgo
1061 1822 1155 1851 non
1179 1802 1498 1865 intelligeretur
1513 1838 1524 1858 ‚

95 1878 335 1929 Crassitius
359 1880 668 1944 grammaticus
695 1881 1022 1930 Commentario
1043 1879 1290 1938 luculento,
1314 1880 1359 1927 in
1382 1879 1529 1946 ipsum

95 1954 216 2004 edito
235 1993 248 2014 ,
277 1955 388 2006 adeo
422 1957 660 2016 inclaruit,
685 1970 738 2006 ut
757 1958 843 2006 hoc
868 1958 1134 2024 epigramma
1159 1957 1210 2006 de
1236 1976 1288 2005 eo
1314 1956 1526 2023 scriptum

98 2034 179 2092 sit,
205 2046 316 2084 teste
339 2036 576 2095 Suetonio,
600 2036 718 2085 libro
745 2036 798 2085 de
820 2035 1072 2085 illustribus
1098 2034 1407 2084 Grammaticis
1430 2055 1438 2083 :

360 2157 438 2192 Uni
456 2157 625 2195 Crassitio
643 2172 678 2194 se
697 2159 841 2194 credere
861 2158 1015 2207 Smyrna
1030 2158 1212 2205 probavit:

406 2218 568 2255 Desinite
579 2246 590 2264 ,
608 2220 765 2264 indocti,
782 2220 948 2266 conjugio
965 2220 1056 2254 hanc
1071 2226 1203 2265 petere.

365 2280 441 2316 Soli
458 2279 625 2317 Crassitio
640 2295 676 2316 se
693 2281 779 2317 dixit
792 2282 926 2317 nubere
943 2281 1030 2316 velle
1043 2307 1054 2324 ,

409 2342 539 2378 Intima
556 2343 612 2378 cui
628 2336 692 2377 soii
707 2350 793 2378 nota
810 2356 872 2379 sua
888 2343 1094 2378 exstiterint.

101 2444 333 2510 Smyrnam
351 2456 498 2494 autem
521 2444 734 2492 novennii
755 2464 868 2511 opus
892 2444 1027 2494 fuisse
1053 2443 1257 2493 Catullus
1282 2455 1326 2491 et
1349 2443 1531 2507 Quinti-

100 2520 245 2570 lianus
261 2520 556 2588 prodiderunt
580 2543 590 2570 :
614 2541 703 2588 quo
727 2521 912 2571 fortasse
931 2523 1126 2590 respexit
1144 2521 1359 2570 Horatius
1376 2521 1421 2569 in
1438 2521 1535 2588 epi-

102 2597 218 2647 stola
234 2597 292 2646 ad
309 2598 514 2657 Pisones,
536 2618 674 2666 quum
693 2599 916 2666 praecipit,
938 2600 1146 2648 duratura
1166 2611 1368 2667 poemata
1388 2600 1434 2647 in
1452 2619 1534 2647 no—

101 2695 211 2724 num
233 2695 396 2724 annum
419 2677 660 2743 premenda
685 2696 791 2726 esse.
819 2679 910 2727 Nec
935 2678 1180 2737 omiserim,
1206 2678 1536 2745 antiquissimos

104 2763 259 2820 poetas
291 2752 344 2802 de
369 2752 586 2802 industria
615 2752 930 2804 obscuritatem
968 2754 1192 2805 affectasse
1212 2793 1223 2815 ,
1253 2767 1319 2805 ut
1337 2754 1533 2821 AEschyli
