1794 3100
493 240 585 285 DE
615 241 667 283 P.
704 240 968 285 OVIDIO
999 239 1293 284 NASONE.
1525 243 1605 287 331

183 332 358 402 quoties
369 332 541 383 Tibulli
560 334 749 382 carmina
771 333 897 397 lego,
922 333 1034 382 nihil
1053 333 1243 401 amplius
1264 335 1443 401 requiro
1468 355 1613 404 neque

180 411 420 460 venustatis
439 450 452 469 ,
472 430 613 478 neque
637 411 861 475 elegantiae
888 431 898 459 :
931 412 1178 461 doctrinam
1207 424 1350 461 autem
1388 425 1433 461 et
1467 414 1612 462 erudi-

182 489 349 538 tionem
384 489 589 538 admiror.
633 489 798 538 Omnia
833 501 924 538 arte
961 489 1201 556 studioque
1235 509 1409 538 summo
1441 489 1613 539 elimata

178 564 291 614 mihi
312 565 531 615 videntur.
556 568 709 632 Itaque
730 564 778 613 in
795 565 983 614 maxima
1000 565 1229 624 facilitate,
1253 565 1331 614 illa
1349 577 1494 615 tamen
1512 585 1615 615 cura

181 643 498 694 elaborationis
515 657 559 695 et
575 644 813 708 diligentiae
832 645 1115 711 conspicitur.
1137 645 1286 694 Verba
1304 645 1471 712 optima
1484 683 1495 703 ‚
1511 663 1615 693 sen-

181 723 327 772 tentiae
351 723 614 790 e'xquisitae,
628 722 893 790 compositio
917 723 1124 772 omnibus
1140 761 1151 780 ,
1167 735 1227 771 ‘ut
1246 724 1394 782 aiunt,
1417 724 1612 773 numeris

178 800 386 868 perfecta.
411 802 479 850 Ex
504 820 592 868 quo
617 819 794 850 necesse
815 812 882 850 est
897 801 984 849 hoc
1004 812 1323 867 consequatur,
1349 801 1539 850 carmina
1561 813 1613 851 ut

178 879 271 928 sint
289 891 333 928 et
357 899 520 929 canora
534 918 547 939 ‚
573 891 617 929 et
638 878 891 946 splendida,
918 891 960 927 et
984 879 1209 928 concinna.
1250 879 1375 942 Quid
1397 890 1542 928 autem
1565 880 1612 927 in

180 957 346 1008 ovidio
359 997 371 1015 ,
399 978 548 1026 quaeve
569 958 666 1008 laus
689 959 886 1008 eminet?
911 958 1108 1008 Primum
1127 958 1296 1022 ingenii
1314 959 1539 1016 tanta'vis,
1559 977 1608 1007 ac

178 1044 270 1082 tam
295 1033 458 1098 agiles,
485 1042 669 1103 tamque
685 1035 845 1085 celeres
869 1046 1017 1084 motus
1032 1073 1044 1093 ,
1069 1046 1158 1084 tam
1175 1047 1380 1102 prompta
1400 1034 1606 1093 facultas,

178 1123 302 1161 tanta
320 1112 499 1163 bonitas
521 1114 569 1161 in
599 1113 680 1162 hac
710 1125 835 1180 parte
864 1124 1030 1162 naturae
1050 1151 1062 1171 ,
1087 1125 1140 1162 ut
1162 1113 1208 1161 in
1231 1113 1348 1162 facili
1378 1125 1422 1162 et
1443 1125 1610 1162 extem-

177 1187 323 1256 porali
355 1208 513 1254 genere
543 1190 736 1257 quodam
760 1227 772 1248 ‚
807 1189 922 1237 nihil
952 1189 1145 1257 reperias
1178 1210 1269 1238 non
1303 1189 1448 1239 solum
1488 1190 1611 1257 quod

177 1265 354 1333 scriptis
378 1266 499 1316 illius
524 1268 765 1326 anteferre,
802 1266 878 1315 sed
910 1285 966 1315 ne
996 1267 1197 1315 conferre
1229 1267 1407 1333 quidem
1436 1266 1608 1335 possis;

175 1342 290 1395 nihil
309 1344 355 1392 in
373 1343 464 1394 illis
478 1344 736 1404 sollicitum,
756 1344 868 1393 nihil
889 1345 1142 1412 quaesitum,
1162 1345 1274 1394 nihil
1291 1346 1482 1394 anxium.
1500 1346 1611 1394 Sen-

176 1422 327 1472 tentiis
339 1424 471 1473 verba
489 1435 726 1488 urgentur,
746 1423 880 1472 verba
898 1423 1136 1472 sententias
1154 1424 1354 1471 incitant.
1376 1423 1510 1472 Nulla
1529 1443 1610 1472 co-

174 1501 273 1568 pia,
295 1501 469 1553 nullum
503 1513 833 1559 ornamentum,
859 1500 980 1549 nulla
1002 1500 1191 1563 insignia
1225 1513 1331 1549 sunt
1361 1502 1574 1550 orationis
1594 1540 1606 1560 ,

176 1592 386 1646 quae‘non
409 1579 670 1642 investigata
693 1578 870 1645 quidem
889 1590 967 1626 aut
984 1578 1235 1645 conquisita
1257 1579 1420 1628 fuerint
1445 1580 1500 1629 ab
1521 1581 1607 1629 hoc

171 1668 305 1723 poeta
319 1693 331 1714 ,
356 1655 433 1706 sed
456 1675 552 1723 quae
573 1675 668 1704 non
689 1655 757 1703 illi
777 1655 898 1704 ultro
922 1656 1195 1704 occurrerint
1217 1669 1259 1706 et
1280 1657 1603 1724 subpetierint;

172 1746 225 1783 ut
239 1734 327 1800 jam
338 1733 566 1800 aliquibus
579 1732 821 1782 fastidiosis
833 1732 1019 1791 scilicet,
1036 1734 1273 1783 offensioni
1289 1736 1428 1799 magis
1439 1774 1451 1794 ,
1474 1756 1605 1803 quam

173 1811 453 1864 delectationi
482 1811 576 1861 haec
614 1830 709 1861 esse
739 1810 938 1870 soleant,
965 1825 1006 1861 et
1043 1811 1187 1862 dolori
1210 1813 1392 1871 invidis,
1427 1834 1479 1864 ex
1513 1834 1604 1882 quo

172 1888 438 1938 obtrectatio
459 1887 624 1939 alienas
648 1889 774 1955 quasi
796 1888 970 1937 divitias
992 1889 1210 1939 insectans
1235 1892 1450 1940 nascitur:
1500 1902 1503 1905 '

529 2091 798 2142 POETAE
839 2093 1247 2151 ELEGIACI,

549 2211 553 2214 ”
585 2208 783 2251 (Auc'rou
797 2219 963 2244 omnmo
982 2209 1195 2252 muntem.)

393 2300 468 2335 EST
486 2299 596 2345 gravis
611 2306 647 2334 et
663 2299 776 2335 cultus
787 2327 796 2344 ,
816 2313 975 2346 puroque
992 2299 1188 2336 simillimus
1207 2302 1301 2337 amni
1318 2329 1327 2346 ‚

433 2360 629 2406 Dulciaque
645 2360 786 2407 eloquio
799 2361 905 2397 verba
921 2362 1082 2398 Tibullus
1100 2362 1217 2398 habet.

392 2421 511 2457 Mollis
527 2429 563 2457 et
577 2422 753 2457 abstrusus
766 2448 776 2466 ,
796 2423 979 2468 tenerique
999 2424 1202 2469 Propertius
1221 2425 1290 2459 oris
1305 2451 1314 2467 ,

438 2483 627 2520 Interdum
642 2483 781 2519 Baccho
796 2483 856 2519 sed
875 2483 980 2520 trahit
995 2485 1051 2520 ille
1069 2485 1207 2531 pedem.

391 2544 438 2579 At
455 2543 565 2580 facilis
580 2544 682 2579 Naso
696 2569 705 2587 ,
723 2543 857 2580 sulcans
874 2544 980 2589 pleno
996 2558 1138 2591 aequora
1160 2545 1238 2580 velo
1253 2572 1261 2589 ‚

431 2605 579 2641 Pectore
599 2604 767 2640 Castalias
785 2604 890 2640 divite
907 2605 1028 2641 fundit
1044 2619 1138 2651 opes,

389 2666 466 2701 Hos
482 2666 634 2702 celebrat
651 2666 797 2701 blandos
816 2666 957 2713 Elegeia
974 2667 1077 2703 docta
1091 2674 1211 2713 poetas
1225 2682 1233 2702 :

438 2725 574 2763 Diversi
591 2727 767 2772 quamvis,
786 2727 859 2764 laus
873 2741 934 2763 sua
949 2741 1124 2774 quemque
1144 2736 1274 2765 manet.
