1794 3100
568 234 697 279 PER
735 236 776 277 J.
820 233 1124 278 MASSON.
1483 252 1565 296 ης)

351 330 458 366 Hanc
471 332 672 374 ego'militia
686 328 806 364 sedem
821 354 830 371 ,
849 334 886 363 lu
897 341 986 373 pace
1001 328 1128 373 parasti

398 391 498 426 Inter
512 392 558 425 513
574 393 694 435 quinos
710 402 790 424 usus
806 388 942 423 honore
960 392 1060 424 vitos.

135 467 215 517 ubi
237 468 481 535 praesertim
505 465 859 529 investigandum
892 485 1089 532 quaenam
1116 466 1173 514 sit
1196 464 1275 513 illa
1296 465 1410 514 sedes
1426 506 1439 523 ‚
1473 487 1570 533 quae

133 545 182 593 in
201 545 311 594 ludis
333 545 483 594 eadem
499 583 510 602 ‚
534 544 608 594 sed
628 563 680 593 ex
701 544 821 592 vario
843 543 961 608 jure,
988 544 1166 610 utrique
1192 543 1356 607 obtigit
1374 563 1384 591 z
1405 544 1569 592 ovidio

133 623 342 672 nimirum
364 623 486 690 quod
506 642 557 670 ex
574 622 803 679 decenwirisf
815 621 969 679 suerit,
988 620 1112 670 alteri
1129 640 1233 670 vero
1254 620 1436 680 seniori,
1451 623 1573 688 quod

132 699 252 751 illam
273 700 418 749 militia
439 700 660 750 meruerit.

158 800 162 803 ·
206 795 244 825 1.
279 777 387 827 Ideo
417 778 636 845 imprimis
663 778 893 826 ohservare
916 788 1006 834 est,
1041 776 1184 832 ludos,
1223 777 1277 824 de
1301 777 1466 842 quibus
1487 778 1574 826 hoc

135 854 236 903 loco
252 855 432 923 agitur,
453 854 604 903 nullos
629 874 722 904 esse
744 854 855 903 alios
879 866 1170 921 praeterquam
1188 853 1469 919 stIegalenses‚
1498 875 1575 904 seu

140 934 439 1001 Megalesiacos
458 953 627 995 magnae
647 934 777 982 matri
793 933 985 989 dicatos,
1010 933 1062 981 de
1080 932 1245 998 quibus
1260 932 1369 982 solis
1386 934 1576 983 Ovidius

75 1045 78 1047 Δ
136 1025 239 1062 ante
261 1012 440 1061 locutus
462 1011 627 1068 fuerat,
653 1023 696 1058 et
716 1029 905 1077 quorum
930 1009 1117 1076 proinde
1133 1009 1207 1058 illa
1225 1009 1311 1058 fuit
1332 1011 1451 1059 tertia
1467 1011 1568 1069 lux,

136 1090 227 1138 sive
254 1089 347 1137 dies
361 1125 374 1145 ‚
403 1106 534 1154 quam
570 1106 690 1135 nunc
727 1087 881 1148 tangit.
919 1085 1012 1134 Soli
1051 1085 1179 1134 etiam
1215 1085 1265 1132 hi
1297 1084 1393 1134 ludi
1427 1107 1575 1136 mense

134 1165 284 1234 Aprili
306 1177 410 1215 ante
437 1164 649 1220 Cereales,
678 1182 792 1230 quos
816 1165 938 1211 Naso
956 1164 1149 1227 proxime
1172 1175 1277 1230 post
1303 1164 1387 1212 hos
1414 1164 1576 1213 descri-

135 1246 230 1304 bit,
255 1264 336 1312 per
358 1243 509 1312 plures
527 1243 619 1292 dies
638 1243 819 1291 fuerunt
843 1241 1072 1300 celebrati,
1099 1263 1122 1291 a
1142 1242 1285 1309 pridie
1311 1243 1403 1292 scil.
1426 1246 1580 1294 Nonas

137 1321 194 1382 ad
211 1335 245 1369 V
267 1322 375 1371 Idus
399 1319 580 1388 Apriles
595 1359 607 1379 ‚
631 1320 699 1380 uti
724 1340 775 1380 ex
793 1318 1061 1368 kalendariis
1088 1326 1097 1344 ¹
1118 1320 1341 1368 veteribus
1362 1333 1485 1387 patet
1499 1360 1510 1380 ‚
1532 1322 1579 1371 in

139 1399 305 1467 quibus
317 1399 373 1448 ad
386 1398 502 1466 prid.
521 1400 638 1446 Non.
659 1397 803 1465 April.
826 1397 1070 1464 apponitur
1090 1418 1099 1446 :
1120 1399 1249 1446 LUDI
1266 1399 1423 1447 MATR.
1444 1401 1575 1448 MAG.

137 1475 205 1538 vel
229 1475 354 1525 Ludi
366 1475 665 1543 Illegaleszkzci,
696 1487 739 1523 et
756 1475 1068 1542 producuntur
1086 1474 1141 1522 ad
1162 1487 1193 1521 V
1217 1475 1344 1531 Idus,
1366 1477 1581 1542 appositis

136 1554 294 1611 iisdem
318 1552 570 1611 vocabulis,
600 1553 658 1602 ad
679 1553 893 1602 indicium
916 1552 1047 1619 spatii
1080 1552 1248 1601 dierum
1264 1590 1275 1610 ‚
1310 1553 1475 1619 quibus
1506 1555 1581 1603 isti

139 1629 506 1679 continuarentur
527 1629 636 1677 ludi.
901 1691 912 1699 Α

138 1766 145 1770 ,
203 1711 362 1776 Itaque
382 1709 500 1758 tertia
520 1709 598 1758 lux
616 1709 724 1757 ludis
746 1708 863 1775 apud
889 1708 1102 1757 Ovidium
1127 1707 1245 1756 idem
1267 1720 1333 1757 est
1350 1728 1401 1756 ac
1424 1711 1579 1760 tertius

141 1785 239 1835 dies
261 1785 470 1835 ludorum
487 1785 811 1850 Megalensium
825 1823 836 1844 ‚
863 1784 953 1833 sive
970 1797 1061 1832 VIII
1084 1784 1193 1831 Idus
1214 1784 1382 1850 Aprilis
1397 1823 1408 1843 ‚
1433 1799 1512 1834 aut
1529 1800 1582 1835 VI

140 1862 311 1931 Aprilis
329 1864 423 1913 dies
435 1902 448 1922 ‚
470 1884 563 1912 non
579 1884 681 1913 vero
700 1875 792 1912 VIII
813 1863 1007 1929 ejusdem
1022 1863 1183 1910 mensis
1196 1900 1207 1920 ‚
1231 1874 1282 1911 ut
1297 1864 1442 1913 doctis
1459 1885 1582 1913 com-

142 1940 351 2008 pluribus
372 1942 478 1991 viris
501 1941 614 1990 male
635 1942 800 1999 visum,
828 1941 906 2008 qui
930 1940 1169 2008 putabant,
1196 1942 1353 1989 tertiam
1375 1942 1502 1990 lucem
1523 1943 1579 1991 ab

142 2018 252 2086 ipsis
274 2019 413 2068 Nonis
431 2021 597 2069 Ovidio
614 2019 870 2087 supputari;
892 2020 1014 2089 quod
1029 2031 1094 2067 est
1114 2030 1274 2084 praeter
1300 2020 1393 2084 ejus
1416 2021 1579 2069 verbo-

142 2117 240 2146 rum
263 2097 410 2147 fidem.

211 2194 252 2224 2.
292 2177 462 2225 Deinde
483 2179 733 2226 notandum
748 2216 759 2236 ‚
785 2177 1062 2240 Megalenses
1082 2176 1218 2224 hosce
1240 2175 1371 2225 ludos
1396 2179 1579 2228 omnino

142 2255 317 2304 scenicos
332 2254 466 2303 fuisse
482 2293 493 2313 ‚
513 2267 649 2322 prout
665 2257 831 2305 Noster
846 2254 1049 2322 superius
1074 2254 1340 2302 indicaverat
1353 2293 1364 2314 ‚
1378 2275 1439 2304 vs.
1464 2257 1547 2325 187
1568 2279 1578 2306 :

364 2357 490 2392 Scmm
506 2363 607 2391 sonat
621 2382 630 2399 ,
648 2355 790 2401 ludique
806 2362 932 2411 vocant
947 2369 954 2390 :
969 2362 1120 2401 spectate
1134 2382 1143 2399 ‚
1164 2355 1335 2400 Quirites.

145 2435 200 2484 Id
222 2435 381 2484 clarius
402 2435 547 2484 adhuc
570 2434 746 2491 Livius,
769 2432 849 2482 lib.
869 2435 1088 2493 XXXVI,
1115 2453 1207 2500 cap.
1237 2432 1265 2480 3
1281 2471 1293 2490 ‚
1321 2434 1479 2492 tradit,
1503 2437 1584 2484 ubi

147 2513 201 2561 de
219 2513 381 2561 Matris
395 2514 570 2575 Magnae
584 2512 690 2561 aedis
706 2511 1011 2560 dedicatione:
1041 2533 1062 2552 «
1087 2512 1384 2584 Locaveranto,
1408 2511 1582 2578 inquit,

153 2612 174 2631 »
202 2590 338 2638 aedem
359 2590 602 2639 faciendam
635 2591 699 2638 M.
735 2589 908 2647 Livius,
936 2589 985 2636 C.
1014 2587 1228 2636 Claudius
1254 2607 1458 2638 censores
1475 2627 1487 2647 ‚
1515 2592 1578 2638 M.

195 2705 205 2724 ¹
232 2702 324 2737 Vide
342 2701 485 2738 Gruter.
503 2715 579 2748 pag.
600 2703 680 2744 133;
700 2676 1090 2737 LambeciXComment.
1111 2700 1154 2734 de
1181 2699 1270 2735 Caes.
1296 2701 1385 2736 Bibl.
1405 2708 1491 2735 tom.
1515 2700 1580 2743 IV,

148 2773 225 2806 pag.
244 2761 317 2795 288.

312 2826 463 2872 VIII.
1227 2842 1256 2884 9
