1794 3100
572 212 704 256 PER
737 213 779 255 J.
817 211 1122 256 MASSON.
1490 215 1567 257 125

147 307 223 376 qui
246 318 291 356 et
309 305 499 356 Junom‘a
534 322 652 354 sacra
685 318 839 364 vocat3
873 307 978 355 hinc
1016 305 1261 354 Frontinus
1298 306 1349 355 de
1387 307 1570 358 coloniis

144 382 315 432 Tusciae
335 402 345 430 :
374 380 547 430 Colonia
561 421 572 438 ‚
595 381 766 448 inquit,
786 382 973 432 Junom'a
994 401 1085 450 quoe
1100 382 1336 450 adpellatur
1354 385 1569 434 Faliscos:

147 458 297 509 mirari
318 459 392 508 hic
415 457 572 518 liceat,
605 467 780 508 tantuni
799 460 940 508 virum
975 459 1132 508 Ezech.
1165 459 1455 526 Sparzhemium
1487 482 1573 528 po-

146 536 282 586 tuisse
295 536 350 585 F
343 535 488 584 allscos
503 536 637 584 hosce
654 536 842 585 Etruriae
859 535 1053 603 populos
1066 556 1164 584 cum
1180 537 1234 585 F
1227 537 1346 605 alejzb
1358 537 1404 585 in
1420 558 1575 601 magna

150 612 316 662 Graecia
339 612 437 663 sitis
459 611 728 661 confundere
744 650 755 670 ,
777 613 882 661 dum
901 625 968 661 tot
986 614 1225 679 scriptores
1240 627 1472 673 memorat,
1499 617 1575 682 qui

146 689 327 740 meliora
345 689 624 748 docuissent,
643 690 680 738 si
698 689 752 739 ad
772 708 923 738 eorum
942 689 1076 738 verba
1094 690 1289 739 animum
1305 691 1572 740 advertisset.

146 769 251 818 Vid.
285 768 366 818 lib.
401 769 453 818 de
487 770 637 818 Praest.
677 769 897 818 Numism.
923 780 1029 816 tom.
1060 770 1105 826 l,
1128 787 1228 834 pag.
1263 787 1478 838 Ιο7-ι-Ιο9
1498 810 1509 830 ,
1533 784 1576 821 et

147 847 358 898 Harduin.
385 848 438 896 de
461 848 594 896 Num.
622 848 769 915 Popp.
795 848 843 895 in
865 847 985 896 verb.
1010 864 1234 905 ΕΑΛΕΙΩΝ;
1273 850 1352 898 ubi
1378 851 1578 900 eumdem

150 926 351 994 sequitur
373 944 584 982 errorem,
609 937 691 974 etc.

214 1007 294 1054 VI.
333 1005 562 1054 Addamus
588 1016 630 1052 et
653 1004 741 1052 hoc
765 1003 866 1052 loco
892 1023 987 1070 quae
1011 1004 1064 1052 de
1085 1005 1201 1053 tertia
1227 1006 1411 1071 conjuge
1430 1006 1582 1072 prodit

151 1085 315 1132 Noster
330 1120 341 1141 ,
367 1102 504 1149 quum
523 1100 674 1130 verum
689 1100 774 1129 nos
795 1081 935 1144 fugiat
954 1093 1127 1148 tempus
1142 1121 1153 1140 ,
1179 1102 1268 1148 quo
1283 1102 1375 1132 eam
1391 1083 1576 1132 duxerit.

147 1160 287 1208 Trist.
314 1158 498 1218 lib..,lV,
521 1158 647 1222 Eleg.
675 1173 731 1215 x,
760 1177 868 1207 vers.
898 1156 956 1224 73
979 1171 1023 1207 et
1048 1158 1133 1224 7l4,
1158 1158 1247 1206 ait:

380 1263 510 1297 Ultima
528 1274 606 1307 quae
624 1274 763 1297 mecum
780 1274 875 1297 seros
893 1261 1082 1307 permansit
1099 1261 1136 1296 in
1153 1273 1263 1296 annos
1275 1287 1284 1305 ,

420 1321 596 1358 Sustinuit
613 1322 739 1367 conjux
757 1321 879 1356 exsulis
895 1326 968 1357 es'se
985 1321 1061 1356 viri.

155 1416 269 1480 Quae
296 1434 351 1464 an
376 1414 511 1463 fuerit
533 1413 666 1461 Fabii
692 1412 882 1461 Maximi
902 1411 988 1477 (de
1013 1431 1101 1478 quo
1126 1411 1252 1478 plura
1272 1412 1327 1461 ad
1349 1431 1416 1461 an.
1443 1416 1499 1463 U.
1530 1417 1579 1464 C.

156 1506 385 1544 DCCvall
403 1495 450 1555 ),
472 1511 547 1541 seu
566 1492 718 1559 potius
738 1491 938 1557 conjugis
956 1491 1133 1539 Marciae
1151 1490 1315 1550 affinis,
1333 1492 1452 1541 haud
1470 1508 1584 1545 recte

155 1570 341 1638 Lipsius
364 1577 375 1596 ¹
404 1569 515 1618 mihi
531 1569 704 1618 videtur
722 1568 887 1616 dubius
907 1568 1093 1625 haerere3
1114 1567 1330 1634 siquidem
1349 1569 1460 1619 clare
1479 1573 1584 1621 setis

162 1647 361 1704 Ovidius,
391 1667 486 1697 eam
506 1647 560 1696 ad
583 1646 729 1713 ipsum
749 1646 931 1694 Fabium
955 1645 1247 1711 pertinuisse,
1273 1647 1425 1706 docet,
1454 1651 1580 1698 Pont.

158 1723 238 1773 lib.
267 1725 310 1783 l,
337 1726 427 1791 Ep.
454 1736 492 1771 ΙΙ
509 1761 521 1782 ,
540 1723 646 1771 huie
669 1722 880 1788 inscripta
896 1760 906 1778 ,
931 1740 1040 1769 vers.
1078 1720 1165 1768 138
1186 1743 1194 1769 :

385 1833 446 1868 Ille
464 1845 529 1879 ego
542 1859 551 1876 ,
572 1831 614 1866 de
632 1838 745 1866 vestra
761 1829 911 1866 cuidata
930 1836 1040 1875 nupta
1054 1832 1160 1864 domo.

162 1924 328 1972 Caetera
355 1929 458 1970 vero
488 1940 590 1970 mox
617 1920 852 1986 subjuncta
876 1919 1074 1967 indicant
1097 1918 1252 1978 modo,
1280 1919 1472 1969 eamdem
1498 1922 1587 1970 Na-

163 2001 286 2050 sonis
307 2021 488 2050 uxorem
514 1999 701 2050 amicitia
733 1998 914 2047 Marcia·
948 1998 1083 2047 fuisse
1110 1998 1409 2064 conjunctam,
1437 2019 1588 2066 quem-

163 2078 399 2128 admodum
422 2090 466 2126 et
487 2090 588 2126 ante
612 2077 754 2126 suerat
777 2088 1019 2125 materterae
1046 2075 1227 2124 Caesaris
1249 2077 1443 2140 Augusti
1466 2099 1474 2126 :

382 2183 484 2218 Hanc
498 2183 642 2228 probat,
664 2190 699 2217 et
717 2182 831 2228 primo
849 2184 1005 2218 dilectam
1022 2195 1161 2228 semper
1179 2183 1220 2217 ab
1238 2195 1311 2218 aevo

426 2242 490 2277 Est
507 2242 599 2277 inter
616 2247 752 2277 comites
768 2244 902 2277 Marcia
919 2256 1020 2278 censa
1038 2256 1115 2278 suas
1130 2257 1138 2285 ;

382 2305 495 2349 Inque
512 2304 581 2337 suis
599 2303 718 2338 habuit
735 2309 910 2338 matertera
930 2306 1073 2338 Coesan‘s
1091 2311 1171 2339 ante
1187 2317 1195 2339 ε

428 2365 592 2409 Quarum
612 2363 742 2409 judicio
759 2363 787 2398 si
805 2377 872 2409 qua
889 2365 1032 2409 probata
1044 2391 1054 2409 ,
1072 2366 1180 2410 proba
1198 2372 1249 2400 est
1261 2392 1270 2410 ,
1290 2374 1354 2401 etc.

165 2454 250 2503 His
268 2453 378 2502 adde
402 2462 453 2502 ex
476 2453 649 2511 Ponto,
674 2451 752 2500 lib.
780 2454 871 2511 III,
895 2454 1038 2520 Epist.
1064 2468 1106 2513 Ι,
1131 2474 1239 2503 vers.
1270 2455 1440 2521 75-783
1468 2458 1584 2507 Fast.

164 2531 243 2582 lib.
271 2534 335 2581 Vl
358 2533 441 2582 sub
461 2532 535 2580 sm.
562 2532 634 2580 Ad
653 2531 846 2579 Macrum
869 2551 1047 2598 quoque
1066 2533 1386 2584 necessitudine
1403 2538 1589 2602 quadam

167 2610 364 2659 eamdem
384 2610 637 2668 attinuisse,
663 2609 803 2676 liquet
823 2628 876 2658 ex
900 2610 1032 2659 Pont.
1059 2609 1137 2659 lib.
1163 2612 1206 2660 ΙΙ
1222 2649 1234 2670 ,
1257 2614 1340 2679 Ep.
1366 2628 1395 2662 x
1415 2652 1425 2671 ,
1450 2635 1512 2664 vs.
1536 2615 1591 2664 8:

213 2728 223 2747 ¹
249 2726 289 2761 In
310 2725 421 2761 Tacit.
439 2724 566 2760 Annal.
583 2725 639 2760 lib.
654 2724 689 2769 I,
706 2737 777 2770 cap.
798 2739 826 2758 2.
