1794 3100
249 230 327 257 120
681 216 731 257 P.
769 216 1002 259 OVIDlI
1035 215 1202 259 VITA

238 306 485 355 Difficultas
510 307 662 356 exinde
685 309 848 365 oritur,
872 309 989 374 quod
1006 309 1111 356 varii
1130 310 1244 357 inter
1261 309 1485 357 Romanos
1502 310 1644 358 tn'am-

244 384 318 431 viri
336 384 591 432 exstiterint.
619 386 680 432 At
698 404 800 432 vero
823 384 892 432 hic
918 385 971 432 de
994 385 1070 432 illo
1092 384 1232 434 solum
1254 386 1501 434 triumviratu
1523 387 1646 451 cogi-

245 461 421 508 tandum
443 461 583 517 venit,
611 461 687 526 qui
709 472 888 524 magistl
890 473 986 511 atus
1003 452 1092 510 erat
1109 458 1374 511 necessarius
1393 463 1645 513 adolescen-

242 538 422 595 tibus,
411 558 456 585 ln
489 550 664 586 senatus
699 557 818 604 spem
843 538 976 587 latum
1001 539 1167 588 clavum
1187 541 1469 602 gerentibus,
1505 541 1672 608 qualis·

243 615 429 664 Ovidius
451 615 536 661 hoc
557 626 751 680 tempore
769 615 866 662 fui-t.
888 616 1055 665 Idcirco
1075 617 1192 665 litem
1212 617 1281 665 his
1300 618 1432 666 modo
1450 617 1646 667 terminis

241 692 536 740 circumscribi
572 693 679 740 mihi
710 693 906 748 videtur,
944 706 993 741 ut
1034 695 1311 760 quaerendum
1340 696 1559 761 supersit,
1591 716 1648 745 an

241 772 401 818 Noster
418 771 767 818 annumerandus
786 771 1036 829 triumviris,
1047 772 1113 819 vel
1133 773 1391 839 capitalibus,
1414 773 1481 822 vel
1497 775 1647 840 potius

240 848 521 903 monetalibus,
555 848 629 913 qui
650 848 778 894 etiam
801 849 1031 913 passimin
1052 850 1240 897 nummis
1265 869 1312 897 ac
1330 849 1550 916 lapidibus
1580 852 1647 899 III

242 926 371 972 VIRI
397 927 450 972 A.
478 925 530 972 A.
558 926 610 972 A.
637 926 684 972 F.
707 925 756 971 F.
777 963 787 982 ‚
810 924 855 971 id
878 937 944 973 est
960 963 971 983 ‚
1002 943 1109 972 auro
1126 964 1137 983 ‚
1165 937 1368 988 argento,
1390 945 1470 975 aere
1502 926 1650 975 flando

240 999 442 1048 seriunflo
468 1000 706 1061 signantur.
735 1000 907 1047 Etenim
933 1000 1130 1061 geminus
1154 1012 1323 1049 tantum
1342 1000 1464 1049 hicce
1497 1001 1649 1049 trium-

242 1077 407 1124 viratus
425 1096 448 1124 a
470 1075 760 1142 scriptoribus
778 1076 890 1124 inter
908 1075 1003 1124 illas
1020 1090 1267 1126 recensetur
1285 1078 1538 1141 dignitates,
1554 1097 1649 1144 quae

240 1152 400 1215 gradus
426 1163 547 1199 erant
570 1152 622 1199 ad
646 1152 911 1200 senatorium
936 1152 1131 1200 ordinem
1146 1192 1157 1211 ,
1179 1173 1259 1202 nec
1279 1154 1390 1202 alius
1413 1153 1528 1202 inter
1548 1152 1647 1201 vul-

244 1248 366 1291 gares
393 1229 583 1276 occurrit
604 1228 757 1278 titulos
772 1267 783 1286 ‚
806 1229 969 1295 quibus
987 1228 1182 1295 lapidum
1200 1229 1504 1296 inscriptiones
1527 1230 1646 1278 viros

240 1305 406 1353 ordinis
431 1304 635 1352 senatorii
659 1317 881 1352 exornant.

304 1382 473 1430 Deinde
505 1402 605 1430 vero
630 1382 737 1429 mihi
766 1401 1018 1450 persuasum
1045 1394 1134 1439 est,
1162 1381 1369 1431 Ovidium
1392 1401 1414 1429 e
1438 1381 1649 1429 triumviris·

239 1461 372 1508 fuisse
395 1460 655 1526 capitalibus,
690 1460 765 1526 qui
791 1460 954 1508 scilicet
977 1461 1028 1508 de
1052 1461 1190 1526 capite
1211 1459 1466 1524 judicabant
1487 1457 1584 1505 vilis
1603 1468 1648 1505 et

239 1538 413 1601 abjectae
427 1537 692 1599 conditionis
709 1537 952 1593 hominum,
968 1537 1034 1584 uti
1050 1536 1194 1584 furum
1208 1547 1250 1584 et
1269 1553 1504 1591 servorum,
1517 1545 1647 1599 atque

238 1615 419 1663 carceris
443 1614 686 1662 custodiam
719 1614 955 1662 habebant.
1000 1613 1134 1661 Ratio
1168 1631 1272 1659 meae
1299 1610 1522 1659 sententiae
1554 1620 1648 1666 est,

207 1746 209 1755 .
240 1691 361 1757 quod
384 1691 414 1737 ii
439 1709 550 1755 saepe
575 1688 828 1755 simpliciter
852 1701 894 1736 et
916 1689 1082 1753 absque
1109 1686 1201 1734 ullo
1218 1686 1368 1744 titulo,
1392 1684 1510 1751 apud
1533 1683 1648 1731 anti-

239 1788 352 1834 quos
376 1779 575 1815 auctores
599 1766 800 1813 dicantur
822 1765 1044 1820 triumviri;
1076 1765 1152 1821 sed
1166 1764 1242 1812 alii
1259 1782 1349 1811 non
1371 1763 1432 1810 ita
1453 1761 1646 1817 soleant,

236 1846 321 1894 nisi
346 1865 443 1892 cum
467 1843 660 1892 muneris
692 1843 759 1892 sui
796 1843 915 1890 notis
946 1842 1174 1904 designari.
1219 1842 1285 1888 De
1317 1839 1405 1887 illis
1434 1839 1644 1895 Plautus,

233 1923 429 1988 Amphit.
457 1922 553 1969 Act.
581 1923 625 1977 Ι,
652 1939 763 1968 scen.
796 1938 813 1966 1
840 1939 850 1966 ε

387 2020 486 2064 Quid
503 2019 627 2054 faciam
645 2031 739 2052 nunc
752 2043 761 2060 ,
778 2017 805 2051 si
821 2019 955 2051 tresviri
966 2028 1026 2049 mc¹
1038 2015 1075 2048 in
1091 2026 1252 2048 carcerem
1269 2012 1531 2058 compegerint?

386 2079 474 2114 Inde
492 2092 565 2113 cras
582 2092 600 2112 e
618 2078 854 2123 promptuaria
871 2075 953 2111 cella
972 2075 1158 2120 depromar
1175 2074 1217 2108 ad
1235 2073 1383 2118 ssagrum
1398 2072 1413 2107 ἓ
1430 2079 1493 2106 etc.

233 2170 276 2205 et
299 2158 422 2206 Asin.
450 2158 546 2205 Act.
574 2158 621 2213 Ι,
649 2174 762 2203 scen.
790 2172 848 2201 2:

758 2277 765 2284 .
783 2278 791 2286 .
816 2252 906 2286 Nam
923 2251 993 2296 jam
1011 2263 1051 2283 ex
1066 2250 1133 2285 hoc
1148 2249 1223 2283 loco

442 2316 506 2350 Ibo
521 2327 585 2360 ego
603 2314 644 2348 ad
662 2316 816 2348 tresviros
830 2340 838 2353 ‚
861 2318 1042 2356 vestraque
1062 2311 1108 2345 ibi
1124 2310 1268 2344 nomina

445 2378 538 2412 Faxo
553 2382 666 2411 erunt.
679 2409 681 2411 .

229 2457 378 2504 Valer.¹
411 2456 656 2513 Maximus,
691 2452 767 2500 lib.
794 2454 927 2510 VIII,
953 2470 1045 2517 cap.
1071 2464 1137 2507 IV,
1160 2469 1203 2496 n.
1232 2465 1285 2506 2,
1313 2447 1364 2494 de
1387 2443 1634 2494 Alexandro

224 2534 381 2581 Pannn
401 2551 547 2589 servo
582 2554 603 2573 «
627 2532 664 2578 A
684 2528 931 2595 judicibus,
955 2528 1040 2584 ait,
1065 2527 1316 2581 damnatus,
1340 2535 1425 2571 eta
1450 2525 1498 2572 L.
1532 2521 1637 2570 Cal-

232 2631 254 2650 »
282 2607 440 2674 purnio
466 2606 665 2653 lrizmwiro
681 2605 727 2652 in
747 2622 913 2652 crucem
938 2615 1057 2651 actus
1079 2613 1155 2649 est.
1185 2622 1207 2643 »
1228 2599 1407 2647 Tacitus
1430 2615 1605 2664 quoque
1619 2633 1631 2654 ‚

227 2685 272 2731 in
297 2682 510 2746 Agricolae
534 2682 655 2738 Vita,
686 2700 777 2746 cap.
804 2698 856 2739 2,
880 2680 1030 2728 eadem
1052 2696 1154 2726 voce
1178 2677 1223 2724 in
1247 2676 1444 2725 eumdem
1465 2673 1633 2737 signifi-
