1794 3100
727 210 894 255 IBIS.
1461 207 1517 267 37

93 310 158 358 Ut
179 326 307 357 soror
330 307 581 363 Autonoes.
604 317 657 354 ut
681 306 751 354 cui
775 317 1007 354 matertera
1030 303 1152 353 Maia
1174 313 1239 351 est
1259 321 1270 360 3

157 388 224 435 Ut
246 398 408 437 temere
430 397 608 452 optatos
631 385 708 452 qui
730 383 843 432 male
864 383 979 432 rexit
1000 401 1162 449 equos:

93 466 157 514 Ut
177 465 296 514 ferus
316 463 515 513 AEolides
531 502 544 522 ‚
567 475 619 511 ut
638 462 847 525 sanguine
869 473 1014 510 cretus
1037 460 1190 509 eodem
1205 496 1217 517 ‚

1454 467 1521 516 47⁵

158 540 266 605 Quo
289 540 435 604 genita
459 552 526 589 est
541 578 553 598 ‚
579 538 763 606 liquidis
788 557 884 605 quae
909 526 1037 586 caret'
1048 538 1211 585 Arctos
1232 532 1359 601 aquis
1379 552 1389 580 :

93 621 159 668 Ut
180 619 369 668 Macedo
391 618 559 686 rapidis
580 618 668 667 icta
690 628 756 666 est
778 636 877 666 cum
899 615 1090 680 conjuge
1110 613 1297 662 flammis
1315 631 1326 670 ;

158 696 232 746 Sic
253 716 410 764 precor
431 697 607 747 aetherei
631 695 817 743 vindicis
838 694 941 757 igne
966 692 1107 742 cadas.

93 774 300 824 Praedave
322 775 384 824 sis
406 774 495 823 illis
511 812 523 833 ‚
549 773 714 840 quibus
737 784 804 822 est
825 771 1014 821 Latonia
1039 770 1177 819 Delos

157 853 275 902 Ante
299 851 411 901 diem
434 863 563 919 rapto
585 871 675 900 non
698 850 897 899 adeunda
918 850 1091 897 Thraso
1110 868 1120 897 :

1457 858 1524 904 480

96 931 278 998 Quique
298 930 550 979 verecundae
573 928 869 996 speculantem
893 927 1017 976 labra
1043 927 1220 983 Dianae,

160 1006 341 1074 Quique
365 1006 666 1073 Crotopiaden
691 1005 909 1071 diripuere
931 1005 1091 1053 Linon.

96 1085 215 1133 Neve
237 1094 449 1131 venenato
471 1081 609 1131 levius
630 1081 799 1130 feriaris
822 1081 878 1129 ab
899 1100 1040 1143 angue
1056 1118 1069 1138 ‚

95 1204 203 1240 filiam
209 1203 403 1239 Dosithoen
415 1217 434 1238 a
443 1204 531 1238 Jove
540 1217 776 1249 compressam

96 1255 303 1302 prodidisset
315 1282 325 1300 ,
347 1255 496 1291 fulmine
511 1257 700 1291 exstinctus
714 1264 776 1291 est.

140 1309 216 1355 473.
235 1309 286 1343 Ut
296 1321 402 1343 soror.
419 1308 559 1344 Semele
579 1321 683 1347 soror,
697 1309 775 1343 Au-

97 1369 239 1406 tonoes,
257 1361 332 1398 luce
349 1361 448 1396 Jovis
463 1388 471 1401 ‚
502 1374 609 1406 quam
631 1361 776 1406 decepta

96 1414 309 1471 impetravit,
321 1414 488 1449 exstincta
498 1421 568 1456 est;
581 1413 658 1448 vide
670 1412 776 1448 Ovid.

95 1467 154 1504 ΙΙΙ
166 1467 406 1513 Metamorph.
424 1467 634 1503 Dona-Ut
641 1471 700 1502 cui
706 1480 778 1501 ma-

93 1529 214 1558 tedera
228 1524 337 1558 Maia.
363 1522 445 1557 Nou
460 1521 691 1556 referendum
709 1520 775 1555 hoc

95 1574 140 1611 ad
154 1573 320 1611 Semelen
330 1600 340 1618 ,
358 1574 415 1610 cui
431 1574 530 1609 Maia
542 1573 694 1608 Atlantis
707 1573 778 1607 filia

95 1634 286 1663 matertera
308 1639 436 1672 magna
452 1626 521 1661 fuit
549 1628 561 1668 (
581 1633 666 1661 tunc
681 1626 778 1660 enim

95 1679 284 1727 legendum
297 1686 386 1715 esset
394 1705 404 1723 ,
416 1686 451 1714 et
460 1682 519 1714 cui
527 1685 634 1714 mater
642 1679 754 1721 Maia)
766 1692 776 1720 ;

96 1745 212 1778 neque
221 1732 265 1767 ad
274 1732 508 1775 OEnomaurn,
521 1730 647 1766 Martis
658 1738 694 1765 et
704 1731 779 1766 Ste-

95 1799 198 1833 ropes
208 1785 396 1822 Atlantidis
408 1785 534 1828 filium,
542 1786 642 1831 cujus
653 1784 780 1819 domus

96 1839 247 1874 fulmine
260 1851 400 1885 quoque
414 1839 496 1874 arsit
510 1851 518 1873 ς
532 1837 593 1873 sed
607 1838 722 1883 potius
734 1837 778 1871 ad

98 1893 233 1929 Jasium
245 1919 255 1937 ,
274 1893 364 1928 Jove
387 1899 424 1927 et
440 1891 580 1927 Electra
597 1891 777 1926 Atlantide

101 1952 237 1980 natum.
251 1946 344 1979 Vn..
359 1944 483 1980 Arum.

146 1997 220 2042 475.
243 1995 390 2040 Utserus
399 1998 562 2031 :Eolidea
577 1994 776 2039 Salmonei,

104 2047 199 2082 AEoli
214 2047 294 2092 filii,
308 2049 545 2085 temeritatem
562 2048 599 2083 in
616 2048 670 2084 Vl
694 2048 779 2082 AEn.

104 2101 227 2147 Vin-gil.
237 2101 382 2137 cecinit:
402 2104 485 2138 Vidi
490 2110 524 2137 et
531 2103 678 2137 crudeles
691 2104 781 2136 dan—

100 2162 167 2190 tem
179 2156 354 2190 Salmonea
360 2168 480 2199 penas
495 2163 559 2191 etc.
571 2155 643 2191 Hic
653 2155 780 2190 solium

101 2207 167 2243 sibi
190 2206 409 2253 perforatum
434 2209 619 2251 exstruxit,
645 2209 682 2243 in
710 2221 781 2253 quo

103 2261 297 2296 vehebatur
319 2275 328 2302 ς
358 2259 451 2295 unde
479 2261 628 2306 crepitus
659 2261 782 2307 ingens

101 2312 286 2358 prodibat,
310 2319 346 2347 et
371 2324 497 2357 aquam
521 2325 583 2357 per
607 2313 782 2347 foramina

103 2364 286 2400 emittebat
304 2391 314 2408 ‚
346 2364 538 2410 praedicans
570 2365 720 2400 tonitrus
747 2373 783 2400 et

104 2416 237 2463 pluvias
255 2424 295 2452 ut
311 2417 410 2452 Deus
431 2416 535 2451 edere
557 2430 686 2462 :quem
708 2418 783 2453 Ju-

103 2470 196 2515 piter
217 2468 428 2504 fulminavit.
450 2470 542 2504 ZAR.
562 2489 606 2495 —
626 2471 675 2504 Ut
695 2483 784 2504 san-

99 2524 201 2565 ,quine
217 2528 318 2556 natus
337 2523 462 2556 eodem.
486 2522 612 2556 Nescio
634 2521 718 2566 quid
740 2521 783 2565 de

105 2575 268 2610 Ismenen
297 2575 466 2623 Lycaonis
491 2574 564 2609 filio
589 2575 785 2610 commini—

102 2634 273 2669 scuntur;
301 2627 360 2672 qui
380 2639 489 2672 quum
509 2627 605 2662 Deos
622 2627 786 2662 floccifa-

103 2686 199 2714 ceret
211 2705 220 2722 ‚
231 2679 380 2715 fulmine
393 2692 573 2725 percussus
587 2680 761 2715 interierit
776 2693 784 2715 ;

105 2731 267 2768 Sanctius
281 2732 323 2768 de
340 2733 414 2778 ipso
429 2733 590 2780 Lycaone
608 2734 783 2779 interpre—

843 1211 947 1239 tatur.
965 1203 1041 1249 Ego
1054 1229 1064 1247 ,
1086 1202 1178 1238 hanc
1197 1201 1276 1237 libri
1297 1201 1525 1237 San-Victo·-

842 1259 931 1293 riaui
945 1258 1144 1293 ‘lectionem
1167 1270 1296 1302 sequor
1318 1270 1326 1292 :
1349 1263 1389 1291 ut
1411 1259 1527 1292 eodem

842 1315 1008 1356 sanguine
1016 1315 1112 1346 nati:
1125 1311 1206 1356 quia
1218 1309 1387 1358 Lycaonis
1399 1310 1527 1345 liberos

843 1363 999 1409 intelligo
1017 1377 1027 1411 ¹.
1042 1376 1101 1399 eos
1118 1363 1213 1398 enim
1227 1364 1355 1408 partim
1376 1362 1411 1396 in
1428 1362 1527 1407 lupos

842 1429 1048 1459 conversos,
1066 1416 1193 1461 partim
1214 1415 1361 1449 fulmine
1380 1427 1528 1460 percus-

842 1481 897 1504 sos
910 1495 921 1511 ,
937 1476 1058 1503 auctor
1074 1475 1126 1503 est
1140 1468 1326 1502 Hecataeus
1343 1467 1502 1502 Milesius
1515 1493 1526 1510 ‚

841 1522 931 1557 libro
954 1523 990 1558 II
1017 1522 1207 1566 Genealog.
1231 1521 1344 1557 Natal.
1369 1520 1499 1556 Comes
1515 1548 1526 1565 ,

842 1574 900 1610 lib.
923 1575 974 1610 IX
986 1601 996 1617 ‚
1012 1587 1084 1620 cap.
1103 1588 1125 1622 9
1142 1573 1341 1622 Mytholog.
1358 1575 1468 1610 SALv.
1482 1593 1527 1601 -·

842 1629 1011 1672 Sanguine
1020 1634 1130 1662 natus.
1140 1628 1258 1662 Cretas
1265 1634 1335 1662 tres
1340 1627 1469 1672 scripti.
1478 1628 1526 1664 H.

886 1681 962 1727 479.
989 1682 1171 1723 Praedaque
1192 1682 1243 1713 s1's
1269 1682 1351 1714 illis.
1381 1680 1527 1725 Impre-

842 1741 943 1770 catur
958 1733 1184 1768 laniationem
1210 1746 1228 1767 a
1250 1733 1392 1768 canibus
1405 1760 1419 1777 ,
1439 1748 1528 1779 qua-

837 1786 883 1822 >lis
903 1786 1048 1832 contigit
1062 1785 1197 1820 Thraso
1221 1798 1332 1830 puero
1354 1786 1391 1820 in
1411 1786 1526 1828 Delo;

844 1838 999 1874 Thrasus
1011 1845 1129 1873 autem
1143 1851 1231 1883 puer
1245 1837 1370 1873 Dianae
1381 1838 1526 1874 dilectus

843 1905 865 1926 a
876 1891 1019 1926 canibus
1035 1890 1227 1937 discerptus
1243 1898 1303 1925 est.
1320 1890 1396 1937 Ego
1408 1892 1526 1927 Thra-

843 1956 922 1979 sum
931 1944 1086 1979 eundem
1098 1950 1185 1989 puto
1196 1955 1278 1978 cum
1285 1943 1428 1988 Thasio,
1442 1944 1525 1979 Anii

843 1997 1031 2033 sacerdotis
1054 1997 1126 2032 filio
1139 2024 1149 2041 ‚
1176 1997 1220 2032 de
1243 2010 1313 2043 quo
1338 1998 1501 2045 Hyginus
1514 2026 1523 2041 ,

844 2066 918 2099 cap.
934 2054 1009 2097 247.

889 2106 965 2150 480.
979 2107 1119 2140 Thraso.
1132 2103 1291 2149 Quidam
1302 2106 1336 2139 T
1331 2107 1426 2140 baso.
1440 2107 1528 2140 Tha-

843 2162 917 2194 sius
928 2158 1074 2206 Hygino
1084 2165 1135 2193 est
1145 2157 1215 2191 fab.
1228 2159 1288 2203 247
1303 2171 1311 2198 ;
1323 2170 1404 2192 mox
1415 2159 1526 2193 Linou

844 2224 908 2258 pro
921 2212 1044 2246 linum
1057 2217 1127 2246 tres
1140 2210 1268 2255 scripti.
1283 2210 1417 2246 HEINS.

889 2267 965 2310 482.
980 2267 1110 2311 Quique
1123 2266 1342 2308 Crotopiaden
1356 2267 1527 2309 dirtjwerc.

846 2318 930 2354 Duo
954 2317 1034 2352 Lini
1058 2316 1204 2351 suerunt
1217 2342 1227 2359 ‚
1252 2316 1339 2350 alter
1358 2315 1527 2360 Apollinis

847 2377 882 2404 et
899 2368 1116 2411 Psamathes,
1130 2367 1208 2402 filiae
1223 2366 1384 2412 Crotopi,
1396 2366 1497 2411 filius,
1508 2382 1527 2402 a

846 2420 989 2456 canibus
1010 2428 1061 2455 est
1084 2419 1285 2463 discerptus.
1312 2420 1528 2463 Crotopiadcs

847 2472 987 2515 dicitur,
998 2471 1092 2517 quod
1101 2484 1211 2516 nepos
1223 2471 1266 2505 sit
1276 2470 1433 2516 Crotopi.
1443 2472 1529 2506 Pau-

847 2537 920 2558 san.
938 2525 1023 2558 alter
1038 2522 1259 2567 Amphimari
1273 2548 1282 2566 ‚
1302 2523 1375 2567 ejus
1390 2523 1449 2568 qui
1460 2522 1529 2558 fuit

849 2575 1006 2620 Neptuni
1020 2582 1054 2609 et
1068 2574 1213 2609 Uraniae
1227 2573 1273 2609 fil.
1292 2574 1350 2619 qui
1370 2574 1410 2609 ab
1425 2574 1532 2620 Apol-

849 2625 919 2661 line
936 2627 1065 2672 sagittis
1079 2625 1235 2661 confixus
1256 2626 1321 2660 suit
1338 2652 1347 2670 ,
1371 2639 1414 2661 eo
1435 2626 1530 2671 quod

849 2692 884 2714 se
903 2678 951 2713 illi
967 2686 1040 2714 arte
1059 2678 1206 2714 musices
1222 2686 1464 2723 comparasset.

888 2732 962 2775 483.
974 2733 1073 2768 Neve.
1085 2730 1274 2778 Eurydice,
1287 2744 1373 2765 uxor
1381 2730 1535 2777 Orphei,
