1794 3100
263 250 348 292 300
695 249 1228 295 DEDICATIONES

259 341 498 407 plurimum
512 342 787 390 inserviendo
803 381 813 400 ,
840 343 910 391 cui
927 344 1130 410 inprimis
1144 344 1278 392 amica
1294 355 1370 391 est.
1390 344 1526 408 Quod
1542 364 1676 412 quum

262 417 464 466 similiter
484 418 569 467 sibi
591 438 847 484 persuasum
870 420 1054 469 haberet
1076 432 1305 488 poetarum
1332 421 1680 487 sapientissimus

263 495 476 543 Horatius
497 532 508 553 ,
535 496 647 542 hanc
671 496 722 544 de
746 498 1087 564 praeceptionum
1112 498 1368 547 conditione
1386 498 1524 562 legem
1546 499 1675 548 tulit:

481 605 658 650 Quicquid
676 606 872 652 praecipies,
890 615 963 642 esto
980 607 1108 649 brevis,
1130 615 1169 643 ut
1184 608 1251 644 cito
1269 608 1358 643 dieta

483 666 683 712 Percipiant
699 667 805 701 animi
825 667 968 711 dociles,
990 675 1202 713 teneantque
1221 667 1350 704 fideles.

476 726 597 762 Omne
615 740 865 773 supervacuum
884 729 988 774 pleno
1004 729 1046 764 de
1064 737 1201 774 pectore
1218 737 1347 764 manat.

257 819 373 866 Nota
394 830 458 867 est
470 818 690 885 plerisque
707 820 912 869 omnibus
927 821 1073 868 Persei
1086 821 1272 869 historia
1285 858 1296 878 ,
1319 838 1448 887 quem
1467 821 1678 869 adversus

263 895 518 958 Gorgonum
555 909 753 959 gentem,
782 916 963 964 quarum
988 899 1136 960 regina
1160 890 1478 955 fuit'Medusa,
1510 896 1678 946 bellum

260 971 446 1032 gessisse
459 1008 470 1028 ,
486 973 611 1033 graeci
631 973 866 1040 scriptores
880 985 1144 1030 memorant;
1163 973 1239 1022 sed
1251 973 1383 1039 hujus
1397 973 1529 1022 rebus
1541 973 1676 1036 gestis

259 1047 419 1096 fabulae
433 1067 568 1114 quum
595 1048 678 1097 alia
700 1050 1049 1108 admiscuerunt,
1077 1062 1167 1100 tum
1192 1050 1483 1100 narrationem
1507 1049 1559 1098 de
1582 1051 1679 1098 Me-

258 1122 377 1171 dusae
404 1124 544 1190 capite
568 1124 744 1173 saxifico
763 1163 774 1183 ,
800 1127 997 1174 Deorum
1022 1145 1106 1193 ope
1123 1127 1179 1175 ab
1201 1126 1299 1192 ipso
1317 1137 1555 1193 amputato.
1574 1126 1677 1173 Haec

256 1202 457 1271 fabulose
496 1203 672 1262 adficta,
699 1216 907 1271 quantam
938 1205 985 1252 in
1007 1223 1172 1253 summa
1205 1205 1419 1254 brevitate
1453 1203 1679 1253 continent

258 1279 468 1329 doctrinae
500 1282 696 1348 copiam,
727 1283 780 1330 ad
810 1283 942 1330 vitam
978 1295 1110 1349 atque
1140 1300 1285 1345 mores
1311 1281 1610 1331 conferentis?
1640 1280 1677 1329 si

254 1358 480 1415 Perseum,
509 1359 675 1408 scilicet
692 1360 905 1407 rationem
921 1360 1162 1423 intelligas,
1190 1361 1421 1409 Medusam
1435 1378 1538 1408 vero
1556 1397 1567 1418 ,
1589 1376 1676 1406 una

255 1435 354 1484 cum
380 1437 633 1493 sororibus,
658 1436 934 1502 voluptatum
955 1437 1205 1495 illecebras,
1233 1456 1327 1504 quae
1354 1436 1521 1485 ratione
1545 1453 1677 1501 supe-

256 1513 343 1560 rari
367 1512 510 1560 solent
531 1513 679 1560 divino
702 1513 852 1577 adjuta
875 1512 1038 1578 auxilio
1075 1534 1084 1561 :
1112 1513 1159 1560 id
1194 1512 1449 1578 quodaegis
1468 1511 1676 1560 Minervae

256 1591 401 1639 innuit.
425 1609 522 1638 cum
548 1590 758 1638 Mercurii
784 1589 955 1652 gladio,
983 1601 1027 1637 et
1050 1590 1157 1637 Orci
1186 1588 1328 1651 galea,
1353 1589 1515 1654 quibus
1539 1599 1676 1654 poetae

255 1666 380 1714 illum
402 1685 630 1714 armavere.
653 1666 790 1730 Quod
811 1665 847 1714 si
868 1666 1122 1728 Gorgones,
1148 1683 1244 1731 quae
1261 1663 1489 1711 Dorcadas
1513 1663 1677 1712 Oceani

256 1743 500 1811 AEthiopici
525 1742 691 1791 insulas
712 1742 934 1791 habitasse
967 1742 1283 1809 perhibentur,
1309 1759 1443 1807 aquas
1466 1740 1587 1806 ipsas
1608 1740 1678 1787 in-

256 1819 504 1885 terpreteris
527 1820 657 1868 maris
681 1818 792 1867 filias
809 1858 820 1877 ,
847 1818 1080 1867 Medusam
1113 1837 1214 1866 vero
1246 1828 1412 1883 partem
1442 1835 1589 1864 earum
1614 1827 1676 1863 te-

255 1896 455 1945 nuiorem
470 1935 481 1954 ,
504 1915 554 1944 ac
569 1907 924 1963 supernatantem
939 1933 951 1952 ,
972 1897 1179 1943 Perseum
1196 1893 1385 1959 denique
1398 1891 1534 1967 sole'm
1554 1911 1564 1940 ε
1583 1903 1675 1940 non

255 1975 466 2024 defuturae
491 1987 594 2023 sunt
614 1975 660 2022 in
683 1976 764 2024 hac
787 1975 882 2041 ipsa
913 1973 1059 2022 fabula
1091 1972 1388 2037 subjectiones
1411 1970 1646 2034 ingeniosae
1661 2008 1672 2029 ,

256 2054 311 2101 de*
345 2042 532 2109 naturae,
570 2053 742 2120 Deique
774 2051 942 2118 opificis
966 2051 1213 2100 actionibus
1236 2049 1538 2105 mirabilibus,
1563 2050 1674 2097 vires

257 2149 356 2179 suas
371 2141 537 2178 naturae
554 2129 859 2197 impertientis.
879 2129 964 2177 Sed
980 2129 1063 2177 ista
1082 2129 1300 2195 prolixius
1317 2145 1435 2177 nunc
1447 2129 1671 2194 persequi,

253 2207 588 2274 fabularumque
606 2207 818 2256 utilitates
835 2208 1077 2256 uberrimas
1104 2219 1303 2256 excutere
1326 2211 1539 2274 (quarum
1557 2205 1670 2263 aliae,

256 2297 364 2333 teste
398 2284 758 2341 Halicarnasseo,
791 2295 957 2332 naturae
992 2303 1126 2350 opera
1156 2284 1384 2347 ἀλληγορίαις
1414 2282 1672 2330 adumbrata

256 2362 513 2417 continent3
550 2361 642 2411 aliae
676 2362 966 2410 humanarum
1005 2360 1295 2409 calamitatum
1328 2359 1675 2408 consolationem

256 2439 442 2496 habent3
458 2438 551 2487 aliae
566 2450 776 2496 terrores,
791 2439 1126 2504 animorumque
1137 2436 1493 2504 perturbationes
1508 2456 1530 2484 a
1543 2434 1675 2483 nohis

260 2514 514 2581 depellunt,
539 2514 860 2582 opinionesque
882 2514 1073 2563 evellunt
1100 2533 1255 2580 parum
1278 2514 1426 2570 sanas;
1450 2512 1544 2561 aliae
1567 2510 1674 2560 alia-

258 2612 354 2641 rum
374 2592 614 2641 utilitatum
629 2612 756 2642 causa
774 2595 1025 2656 excogitatae
1044 2592 1178 2656 sunt)
1204 2591 1294 2638 haec
1309 2627 1320 2646 ,
1346 2591 1525 2656 inquam
1537 2625 1550 2646 ,
1575 2605 1673 2654 per-

259 2667 382 2734 sequi
406 2679 537 2734 atque
558 2687 775 2735 exponere
795 2668 928 2717 nimis
950 2679 1064 2716 esset
1086 2666 1281 2728 longum.
1307 2667 1484 2732 Itaque,
1515 2666 1673 2712 horum

260 2745 533 2793 enarratione
552 2745 597 2792 in
614 2744 735 2793 aliud
751 2757 923 2811 tempus
938 2744 1095 2808 rejecta
1112 2780 1123 2800 ‚
1147 2742 1272 2792 venio
1291 2761 1407 2790 nunc
1423 2741 1481 2789 ad
1499 2752 1671 2803 caeteras
