1794 3100
243 293 321 321 που,
667 284 715 325 P.
761 283 995 328 OVIDII
1033 286 1211 330 VITA

230 371 561 438 malbrisxgradus
571 375 753 440 juvenem
769 402 787 432 ‚·
803 376 891 443 'lioc
913 390 976 427 est
992 378 1322 445 procul-dubio,
1343 383 1547 431 senatorii
1566 402 1641 432 01·—

233 448 368 505 dinis;
390 468 577 516 eumque
593 452 743 518 prodit
759 472 783 500 a
802 455 1054 504 Domitiano
1077 457 1297 505 arbitrum
1286 476 1459 507 annonoe
1473 458 1635 517 datum,

230 542 280 571 ac
310 525 482 573 omnium
508 527 667 575 viarum
698 529 932 578 stationibus
954 531 1236 603 praefectum,
1271 527 1405 599 quurn
1439 535 1563 600 prius
1594 535 1642 584 in

230 601 329 649 foro
363 613 406 650 et
445 604 561 668 apud
591 606 885 655 centumviios
931 626 1079 657 causas
1109 610 1267 675 juvenis
1302 611 1494 679 dixisset.
1526 603 1642 677 Quae

232 697 367 743 quum
382 680 549 730 Statius
568 682 745 731 adulto
730 703 817 749 jam
834 685 1102 735 Domitiani
1091 688 1275 754 imperio
1287 688 1519 747 scriberet,
1540 688 1643 738 hine

229 768 370 821 patet,
397 758 564 807 huncce
598 760 778 809 Plotium
815 763 1016 828 Grippum
1046 765 1164 814 haud
1189 767 1387 815 eumdem
1417 786 1510 816 esse
1544 787 1642 819 cum

230 832 307 879 illo
330 834 413 881 sub
432 822 686 901 Vespasiani
705 837 977 906 principatus
994 841 1166 890 initium
1177 853 1360 908 proetum
1377 844 1557 901 funct03
1577 844 1644 892 uti

229 909 340 957 male
375 911 641 962 Gevartius¹
672 916 948 981 opinabatur.
987 920 1054 966 Ex
1075 918 1145 967 his
1170 938 1271 968 vero
1300 921 1501 971 fontibus
1529 922 1644 970 forte

226 988 443 1051 processit
462 987 590 1037 fietus
612 988 685 1037 ille
709 992 898 1040 Nasonis
923 994 1062 1061 nostri
1086 995 1306 1057 magister.

764 1104 864 1116 §mmm

393 1190 501 1226 Anno
519 1198 599 1227 ante
620 1191 661 1227 C.
679 1204 817 1236 xxv111;
833 1195 881 1231 U.
899 1195 940 1231 C.
956 1206 1133 1240 nccxxvz3
1151 1197 1271 1233 Ovidii
1283 1211 1332 1235 xv
1348 1207 1384 1235 et
1402 1211 1476 1236 xvl.

302 1282 345 1318 e.
371 1273 584 1331 cAE'SARE
607 1286 910 1325 ocTAvao
936 1291 1010 1334 vl,
1035 1290 1087 1326 M.
1112 1291 1331 1327 AGmPPA
1354 1293 1391 1330 11
1417 1292 1552 1330 coss.

228 1419 231 1423 .
292 1386 326 1432 I.
366 1385 477 1432 Cum
502 1396 657 1432 nostro
682 1384 738 1431 ad
760 1394 891 1449 togam
914 1385 1009 1450 ejus
1033 1386 1209 1459 virilem‘
1224 1393 1262 1444 ²,
1289 1407 1386 1453 quae
1408 1401 1452 1437 et
1474 1390 1601 1448 libera
1623 1391 1640 1418 ³

226 1481 275 1511 ac
295 1460 406 1526 pura
429 1460 445 1492 4
466 1461 731 1518 dicebatur,
757 1481 916 1524 magno
941 1463 1045 1512 satis
1066 1462 1180 1512 saltu
1198 1465 1455 1515 transimus:
1478 1464 1539 1516 de
1556 1487 1641 1534 qua

226 1538 288 1586 sic
310 1538 449 1586 Trist„
465 1537 546 1585 lib.
571 1539 648 1593 lv,
675 1537 798 1600 Eleg.
827 1552 876 1596 x,
899 1557 1008 1587 vers.
1032 1557 1090 1605 27
1115 1552 1159 1588 et
1182 1540 1244 1588 28
1265 1560 1276 1588 ε

444 1636 583 1670 Interea
595 1662 604 1678 ‚
624 1636 726 1670 tacito
745 1649 845 1682 passu
860 1636 1054 1672 labentibus
1070 1638 1189 1681 annis,

487 1698 640 1732 Liberior
653 1697 752 1732 fratri
766 1705 877 1733 sumta
893 1697 1046 1744 mihique
1063 1707 1142 1744 toga
1152 1707 1214 1735 est.

227 1774 320 1838 Qui
343 1792 444 1822 vero
473 1773 665 1836 vulgaris
699 1774 831 1824 fuerit
864 1775 957 1824 dies
990 1788 1104 1840 togae
1132 1778 1237 1826 huic
1263 1779 1417 1827 dandae
1449 1779 1642 1837 dicatus,

230 1850 360 1898 (locet
383 1851 477 1917 ipse
500 1854 641 1909 Naso,
656 1854 834 1900 Pastor.
853 1852 930 1901 lib.
953 1855 1042 1910 Ill,
1066 1855 1169 1903 dum
1188 1855 1243 1903 ad
1258 1858 1417 1905 tertiam
1437 1866 1539 1926 post
1554 1857 1646 1906 idus

227 1929 398 1984 Martii,
427 1949 501 1977 seu
535 1947 585 1995 17
611 1930 704 1995 ejus
729 1926 890 1979 mensis
914 1931 1028 1979 diem
1054 1931 1227 1979 Baccho
1249 1951 1443 1993 sacrum,
1468 1954 1517 1984 ac
1545 1935 1643 1984 libe-

226 2006 329 2053 ralia
349 2005 450 2054 inde
473 2005 660 2063 dictum,
685 2006 777 2054 haee
800 2006 975 2072 prodit,
1001 2026 1025 2055 a
1047 2026 1156 2055 vers.
1188 2024 1310 2074 770:

430 2102 563 2137 »Restat
578 2110 615 2137 ut
631 2102 809 2138 inveniam
822 2129 831 2146 ‚
850 2116 955 2148 quare
969 2109 1048 2147 toga
1061 2106 1166 2139 libera
1182 2107 1279 2139 detur

486 2161 648 2197 Lucifero
660 2168 791 2207 puertir,
809 2163 955 2199 candide
971 2166 1110 2200 Bacche
1121 2191 1132 2206 ,
1154 2172 1226 2200 tuo.

445 2223 527 2259 Sive
545 2223 635 2268 quod
654 2225 722 2271 ipse
732 2237 818 2269 puer
831 2238 968 2271 semper
983 2214 1188 2272 juvenisque
1202 2226 1327 2261 videris
1337 2253 1348 2270 ,

486 2285 533 2320 Et
550 2284 663 2319 media
684 2292 734 2319 est
751 2292 830 2320 aetas
846 2285 938 2331 inter
954 2293 1143 2332 utrumque
1158 2287 1242 2321 tibi:
1297 2330 1299 2332 ι

445 2345 517 2380 Seu
533 2344 611 2390 quia
628 2352 666 2379 tu
675 2353 775 2388 paler
788 2359 840 2389 es,
858 2353 971 2391 patres
988 2360 1048 2381 sua
1064 2346 1209 2393 pignora
1226 2354 1325 2382 natos

487 2405 747 2442 Commendant
766 2421 856 2443 curae
873 2408 1144 2454 numinibusque
1164 2410 1253 2444 tuis:

441 2467 520 2501 Sive
531 2494 540 2510 ,
558 2467 652 2512 quod
669 2481 703 2501 es
723 2469 840 2509 Lz'ber‚
859 2472 963 2503 vestis
979 2482 1117 2515 quoque
1135 2472 1238 2504 libera
1255 2482 1318 2514 per
1333 2477 1366 2504 te

486 2527 646 2562 sumitur
663 2535 698 2562 et
711 2528 788 2562 vitae
804 2528 974 2564 liberioris
988 2529 1055 2564 iter
1069 2556 1085 2573 ‚v
1095 2536 1158 2565 etc.

269 2617 279 2635 ¹
305 2615 384 2648 Not
403 2614 443 2647 ad
462 2615 545 2648 illud
564 2615 650 2651 Stat.
671 2615 788 2651 Carm.
805 2630 877 2662 cap.
898 2632 946 2652 12.

270 2669 417 2713 ²Quod
435 2665 562 2715 nempe
581 2669 638 2719 'qui
651 2663 728 2706 eam
745 2673 937 2709 induebant
952 2687 992 2709 ex
1008 2675 1193 2725 ephebisin
1206 2676 1297 2710 viros
1313 2676 1634 2712 transcriberentur

268 2725 283 2744 ³
307 2725 402 2770 Quia
420 2731 494 2760 tu'm
512 2739 529 2760 e
544 2728 742 2771 'magisterio
759 2727 981 2765 excedebant
1013 2739 1015 2744 ·
1054 2739 1056 2741 ’
1118 2735 1123 2741 ’
1227 2746 1229 2749 ·
1281 2739 1283 2746 ’
1381 2743 1384 2747 ’
1446 2744 1448 2746 -

265 2782 354 2815 6Ut
370 2794 444 2826 quae
461 2790 532 2816 tota
548 2790 635 2817 esset
652 2782 747 2826 alba,
764 2784 849 2818 nihil
867 2798 1029 2830 purpura
1046 2785 1238 2822 admixtum
1258 2787 1398 2822 habens.
