1794 3100
451 222 541 273 DE
571 223 633 265 Ρ.·
662 220 923 286 OVIDIO
953 218 1249 264 NASONE.
1479 220 1566 283 497

146 338 168 357 κ
183 320 212 360 Ι
210 334 236 360 ιι
248 318 406 360 Brescia
414 347 427 366 ‚
445 331 515 372 per
522 314 800 357 Bemardinum
815 315 859 354 de
874 315 1048 355 Misintis
1060 314 1105 353 de
1123 314 1248 367 Papia
1262 314 1322 353 die
1334 325 1397 354 XII
1402 326 1429 354 1.
1441 330 1573 367 zugno.

141 383 480 428 MCCCCCLIX.
491 402 511 419 n
529 382 651 431 in-40.
674 381 801 434 (fivrte
817 380 1158 422 MCCCCXCIX.
1171 381 1453 437 Typographus
1471 382 1572 422 enim

140 452 204 495 hic
224 451 358 498 ultima
379 450 498 492 seculi
518 450 593 490 XV
616 448 752 489 decade
773 448 950 498 floruit.)

142 511 143 514 Ἴ
195 519 253 560 La
269 517 359 558 Vita
376 525 416 559 et
443 514 743 557 Metamorfoseo
769 514 804 553 d'
826 512 992 562 Oviffio,
1012 512 1197 568 figurato,
1223 519 1262 551 et
1290 510 1504 554 abbreviato
1532 514 1574 553 in

104 596 120 607 '
143 584 264 627 forma
278 581 315 623 d'
332 583 566 638 Epigrammi
584 582 629 622 da
643 582 698 621 Μ.
717 579 913 621 Gabriello
929 577 1125 633 Symeoni.
1145 576 1234 617 Con
1247 576 1339 617 altre
1357 578 1488 618 Stanze
1506 594 1577 620 so-

143 665 211 706 pra
231 649 281 707 g1’
310 649 429 691 offeni
442 649 548 689 -della
572 649 698 688 Luna:
723 646 751 686 il
766 646 917 686 ritratto
939 643 974 684 d'
993 659 1066 683 una
1079 644 1251 683 Fontana
1267 641 1303 682 d'
1319 645 1509 687 Overnia:
1529 645 1578 686 ed

143 735 199 760 un
229 718 420 774 Apologia
443 716 618 773 generale
649 715 712 755 nel
732 714 807 754 fine
829 714 890 755 del
911 712 1022 753 libro.
1065 712 1104 752 A
1128 711 1244 750 Lione
1256 741 1270 761 ,
1301 727 1373 766 per
1392 713 1582 753 Giooanm'

143 788 190 827 de
212 787 250 828 T
245 801 367 827 omes.
388 787 449 826 M.
466 786 518 825 D.
535 784 643 825 LIX.
659 782 792 823 in-fol.

808 863 924 905 1560.

198 949 373 1001 Epistola
400 951 433 989 Ι.
457 947 492 988 d'
511 947 654 989 Ovidio
674 946 715 986 in
741 955 841 986 terza
866 946 960 985 rima
986 943 1046 999 (da
1072 943 1271 996 Cristcffom
1293 945 1510 996 Serraglt'o.)
1535 945 1578 985 Si

145 1017 256 1071 legge
273 1015 341 1055 alla
361 1030 444 1071 pag.
470 1013 558 1065 148.
578 1029 599 1054 e
614 1028 692 1069 seg.
717 1012 814 1054 delle
837 1013 946 1052 Rime
965 1012 1008 1051 dl
1024 1012 1164 1051 diversi
1178 1011 1318 1052 Autori
1329 1012 1578 1051 excellentiss.

146 1082 260 1122 Libro
281 1096 391 1122 nono.
413 1082 464 1122 In
482 1081 666 1122 Cremona
693 1078 808 1120 1560.
827 1078 952 1118 in-80.

202 1148 377 1201 Epistole
397 1146 434 1188 d'
451 1147 597 1189 Ovidio
623 1147 662 1187 di
684 1146 864 1201 Remigio
884 1145 1116 1186 Fiorentino
1131 1174 1143 1195 ‚
1172 1144 1290 1186 divise
1314 1144 1354 1184 in
1384 1144 1456 1184 due
1484 1143 1586 1183 libri.

150 1214 241 1255 Con
261 1215 298 1255 le
318 1212 578 1254 dichiarationi
599 1213 640 1252 in
662 1212 830 1267 margine
856 1211 953 1252 delle
973 1210 1113 1253 Favole
1126 1240 1139 1262 ‚
1165 1225 1186 1251 e
1200 1210 1295 1256 ‘dell’
1317 1209 1504 1250 Historie.
1530 1210 1585 1250 Et

149 1295 226 1322 con
246 1280 280 1321 la
292 1280 415 1322 tavola
432 1280 530 1320 delle
545 1294 634 1320 cose
651 1278 821 1319 notabili.
843 1278 889 1317 In
911 1278 950 1318 V
946 1278 1070 1329 inegia
1075 1307 1089 1326 ,
1113 1291 1291 1331 appresso
1313 1276 1474 1316 Gabriel
1490 1277 1584 1316 Gio-

149 1348 217 1391 11'10
237 1347 303 1387 de’
321 1347 488 1387 Ferret-12
510 1345 646 1385 in-12.

809 1431 925 1473 1561.

204 1522 261 1563 Le
281 1520 548 1563 Metamorfosi
566 1520 604 1560 di
625 1519 767 1561 Ovidio
785 1519 820 1560 al
839 1519 1153 1560 christianissimo
1168 1521 1227 1560 Re
1242 1519 1279 1558 di
1296 1520 1452 1560 Francia
1477 1521 1584 1560 Hen-

149 1587 232 1628 rico
253 1586 423 1628 secondo
442 1585 482 1624 di
500 1585 695 1626 Giovanni
710 1585 863 1625 Andrea
886 1583 970 1624 dell’
988 1584 1222 1641 Anguillara.
1246 1585 1292 1624 In
1313 1585 1351 1625 V
1348 1585 1496 1637 incgia,
1516 1600 1588 1639 per

151 1653 240 1694 Gio.
261 1649 393 1703 Gnffi.
409 1651 535 1701 in—40.

204 1722 261 1760 Le
273 1718 591 1760 Trasformationi
609 1718 647 1758 di
662 1721 717 1759 Μ.
733 1718 934 1759 Lodovico
949 1717 1086 1758 Dolce.
1104 1719 1152 1757 ln
1165 1727 1294 1771 questa
1309 1727 1405 1759 sesta
1424 1721 1587 1774 Impres—

150 1787 259 1829 sione
280 1786 325 1827 da
342 1785 398 1827 lui
419 1786 459 1825 in
477 1786 589 1826 molti
611 1786 746 1841 luoghi
764 1785 949 1837 ampliate.
974 1785 1062 1825 Con
1082 1785 1105 1823 l'
1122 1784 1305 1839 agginnta
1326 1785 1371 1824 de
1394 1786 1447 1842 gli
1467 1800 1586 1841 argo—

150 1854 294 1904 menfi,
324 1861 365 1894 et
385 1853 565 1907 allegorie
585 1853 618 1892 al
639 1852 829 1904 principio
854 1868 873 1892 e
901 1852 935 1892 al
955 1851 1030 1892 fine
1054 1851 1093 1891 di
1114 1852 1266 1891 ciascun
1287 1860 1410 1892 canto.
1438 1854 1485 1892 In
1511 1855 1549 1893 V
1544 1855 1584 1892 ἱ-

109 1948 116 1953 ..
151 1923 284 1973 negiu,
309 1935 486 1975 appresso
511 1919 671 1958 Gabriel
690 1919 831 1958 Giolito
853 1918 916 1957 de’
933 1918 1098 1958 Ferrari.
1122 1919 1239 1968 in-l4⁰.
1254 1942 1310 1950 --
1323 1922 1429 1960 Inter
1450 1933 1582 1959 omnes

151 1987 268 2042 hujus
291 1987 571 2041 metaphraseos
596 1985 655 2024 ed.
676 1984 759 2025 haec
781 1983 924 2039 optima
949 1983 1121 2024 habetur.

812 2087 829 2111 1
836 2071 928 2112 563.

209 2156 266 2195 Le
287 2155 591 2208 Metamorphosi
605 2177 661 2185 —
672 2155 711 2194 di
727 2156 820 2195 Gio.
837 2154 961 2194 Andr.
979 2154 1065 2193 dell'
1082 2154 1316 2209 Anguillara.
1334 2155 1445 2195 Colle
1460 2170 1583 2197 anno—

154 2224 294 2266 tazioni
324 2223 362 2262 di
391 2223 587 2274 Gioseppe
616 2223 796 2276 Orologi.
843 2223 894 2261 In
930 2223 1085 2263 Venetia
1106 2252 1119 2271 ,
1167 2238 1343 2277 appresso
1371 2224 1582 2264 Francesco

154 2293 219 2332 de'
237 2290 480 2331 Francesclti.
499 2289 623 2338 in—4.‘’.

810 2360 924 2416 1567.

207 2447 382 2498 Epistole
408 2446 444 2486 (Γ
467 2446 609 2487 ovidio
632 2444 670 2484 di
695 2446 874 2500 Remigio
903 2454 975 2485 etc.
1004 2447 1064 2497 (ut
1089 2442 1224 2496 1560.)
1240 2466 1293 2475 —-
1309 2459 1383 2485 con
1406 2445 1439 2485 la
1459 2447 1581 2487 tavola

156 2514 252 2555 delle
273 2513 430 2554 Pistole.
456 2513 489 2553 V
490 2513 638 2564 inegia,
663 2526 767 2565 appr.
795 2511 953 2550 Gabriel
979 2511 1117 2551 Giolito
1139 2512 1202 2550 de'
1222 2511 1388 2552 Ferrari.
1410 2513 1541 2552 in-12.

815 2614 830 2637 1
838 2596 930 2639 568.

212 2673 387 2729 Epistole
399 2701 411 2722 ‚
428 2680 496 2712 etc.
513 2674 578 2725 (ut
590 2672 737 2725 supra.)
754 2671 803 2711 In
815 2672 848 2711 V
848 2672 984 2722 inegia,
998 2684 1174 2724 appresso
1189 2669 1228 2709 F
1224 2644 1400 2711 nancesco
1415 2671 1460 2712 di
1471 2673 1585 2712 Pichi

160 2757 178 2781 e
185 2740 344 2793 fratelli.
365 2739 488 2779 in-12.

320 2818 471 2863 VIII.
1282 2816 1336 2860 32
