1794 3100
296 238 376 281 116
726 238 776 279 P.
811 237 1049 280 OVIDII
1090 237 1266 281 VITA

285 330 433 379 Plinio
462 336 472 355 ¹
510 348 683 395 quoque
713 329 845 377 clarus
876 329 979 376 inter
1003 328 1164 376 dicendi
1189 328 1399 393 magistros
1436 327 1597 376 dicitur
1615 365 1628 386 ‚
1651 340 1697 376 et

288 406 564 471 Quintiliano
587 413 626 463 ²,
648 406 803 470 primus
831 406 936 453 clari
958 406 1131 458 nominis
1152 404 1364 469 prcfi‘ssor.
1402 404 1532 453 Obiit
1553 415 1696 453 autem

287 503 401 532 anno
423 485 477 531 U.
501 483 549 530 C.
571 481 740 529 circiter
757 492 873 529 DCCL
887 518 898 537 ‚
926 500 1013 546 quo
1030 499 1110 546 per
1131 492 1387 528 autumnum
1408 479 1535 530 desiit
1557 499 1695 528 annus

286 560 474 609 Abrahae
499 571 692 616 ΜΜΧΙΙΙ,
718 577 765 606 ac
785 557 963 624 Olymp.
983 568 1123 605 CXCIV
1142 558 1310 622 primus
1326 595 1337 615 ‚
1364 557 1421 605 ad
1445 575 1573 622 quem
1589 557 1696 604 Hie-

285 656 494 703 ronymus
518 637 564 684 in
591 635 809 684 Chronico
825 634 917 682 haec
939 645 1063 681 notat
1082 653 1091 680 :
1117 654 1140 676 «
1161 635 1225 681 Μ.
1247 634 1432 682 Porcius
1451 634 1586 681 Latro
1606 632 1697 681 La·-

288 737 311 757 »
341 715 459 762 tinus
484 712 766 770 declamator,
800 711 929 759 taedio
954 709 1142 776 duplicis
1166 723 1385 777 quartanae
1408 721 1542 759 semet
1566 710 1697 758 inter-

290 814 313 835 >›
343 791 459 840 fecst.
490 814 511 832 ³)
1393 845 1395 847 ι

349 872 455 917 Non
490 868 601 917 adeo
636 867 764 914 nobis
791 877 923 913 notus
956 878 1022 914 est
1044 866 1111 913 M.
1144 866 1334 914 Arellius
1361 865 1549 920 Fuscus,
1591 863 1699 912 alter

289 944 438 994 Ovidii
480 944 655 999 rhetor,
683 942 734 991 de
762 960 850 1007 quo
884 941 1045 988 Seneca
1076 940 1264 988 liberum
1299 940 1383 987 sert
1411 939 1622 1004 judicium
1651 939 1697 987 3:

291 1047 312 1067 «
341 1025 449 1070 Erat
467 1020 699 1086 explicatio
716 1018 848 1067 Fusci
864 1016 1262 1083 Arellii‘splendida
1281 1016 1456 1083 quidem
1471 1054 1482 1075 ‚
1508 1016 1583 1065 sed
1602 1036 1700 1084 ope-

289 1123 311 1143 »
341 1118 440 1147 rosa
464 1109 507 1145 et
530 1095 772 1162 implicita:
801 1093 943 1143 cultus
966 1094 1361 1160 nimis‘exquisitus
1393 1112 1403 1141 :
1435 1094 1698 1160 compositio

287 1200 310 1220 n
336 1176 570 1224 verborum
605 1171 805 1229 mollior,
841 1184 920 1220 etc.
952 1193 974 1213 »
997 1171 1118 1219 Idem
1141 1169 1369 1219 nonnullis
1392 1168 1409 1201 4
1435 1171 1627 1229 videtur,
1650 1189 1699 1219 ac
1745 1191 1751 1193 ⁴

284 1253 357 1301 ille
373 1291 384 1311 ‚
411 1271 539 1318 quem
561 1249 732 1297 Plinius
754 1248 768 1274 ⁵
788 1248 939 1314 prodit
962 1266 1007 1296 se
1028 1248 1187 1297 vidisse
1208 1258 1355 1296 motum
1375 1248 1547 1315 equestri
1561 1247 1700 1296 ordine

285 1333 336 1380 ob
360 1332 550 1396 insignem
582 1327 820 1376 calumniam
835 1366 848 1382 ,
883 1345 937 1373 ez
969 1336 1132 1391 argento
1163 1327 1337 1374 annulos
1362 1325 1582 1374 habentem.
1613 1325 1700 1374 Sed

289 1426 426 1474 quum
453 1405 524 1454 alii
548 1404 718 1453 codices
742 1402 958 1452 Aurelium
985 1403 1168 1451 Fuscum
1191 1403 1424 1451 exhibeant
1441 1440 1452 1460 ‚
1488 1421 1565 1450 nec
1586 1402 1700 1450 veri-

288 1482 428 1531 simile
452 1482 534 1538 sit‚
574 1479 719 1527 Plinio
745 1478 925 1537 ‘'lvisum
951 1496 1044 1526 esse
1068 1478 1287 1527 rhetorem
1310 1478 1394 1526 sub
1424 1478 1628 1540 Augusto
1653 1476 1699 1524 in

290 1559 441 1607 Ovidii
479 1556 772 1605 adolescentia
805 1554 1108 1620 profitentem,
1141 1555 1276 1603 satius
1310 1554 1418 1602 mihi
1442 1553 1701 1603 videtur-as-

290 1655 464 1685 sensum
490 1635 571 1682 hac
597 1633 643 1680 in
666 1652 712 1681 re
736 1631 952 1679 cohibere.

351 1713 431 1760 III.
458 1710 582 1774 Quin
602 1721 643 1756 et
668 1708 863 1771 Athenas,
882 1706 1128 1755 studiorum
1157 1725 1284 1761 causa
1313 1708 1434 1754 Naso
1457 1705 1609 1771 petiit,
1634 1705 1701 1771 ip-

292 1801 432 1837 somet
454 1787 665 1844 docente,
689 1785 822 1832 Trist.
848 1783 927 1831 lib.
951 1786 998 1841 I,
1021 1783 1144 1845 Eleg.
1170 1796 1230 1841 Π,
1256 1802 1361 1831 vers.
1386 1799 1441 1848 77
1465 1802 1475 1829 ε

512 1885 585 1919 Nec
601 1890 700 1928 peto,
719 1895 802 1927 quas
820 1881 995 1926 quondam
1014 1880 1095 1925 petii
1110 1882 1296 1919 studiosus,
1311 1880 1475 1913 Athenas.

293 1966 354 2011 At
377 1962 496 2010 aliud
518 1974 689 2027 tempus
715 1959 971 2026 spectaverit
993 1958 1100 2015 iter,
1128 1976 1216 2022 quo
1242 1975 1287 2004 se
1313 1955 1468 2004 Siciliae
1499 1955 1699 2020 Asiaeque

294 2037 730 2104 urbes-perlustrasse
752 2036 880 2083 canit.
906 2034 1075 2082 Ibidem
1098 2033 1213 2081 enim
1235 2032 1462 2097 subjungit
1480 2051 1491 2080 :

510 2133 650 2179 Oppida
665 2145 735 2167 non
753 2133 867 2173 Asse,
889 2144 957 2166 non
978 2132 1050 2166 loca
1066 2131 1134 2165 visa
1153 2131 1245 2175 prius
1264 2142 1272 2164 :

294 2226 333 2262 et
358 2231 407 2261 ex
433 2213 561 2259 Pont.
586 2209 662 2256 lib.
684 2210 755 2266 ΙΙ,
781 2209 923 2274 Epist.
950 2222 977 2256 X
999 2208 1053 2256 ad
1074 2208 1299 2264 Macrum,
1323 2223 1430 2252 vers.
1460 2220 1514 2250 21
1543 2223 1552 2250 ε

338 2330 348 2348 ¹
374 2326 464 2360 Hist.
481 2325 561 2359 Nat.
577 2323 634 2357 lib.
651 2323 720 2357 XX
735 2348 744 2366 ,
766 2335 838 2367 cap.
859 2324 909 2365 14.

337 2387 351 2404 ²
370 2382 525 2426 ,Instituh
538 2380 594 2415 lib.
611 2381 664 2422 X,
687 2392 758 2424 cap.
778 2382 806 2414 5.

337 2440 350 2461 ³
373 2439 477 2474 Praef.
497 2437 553 2471 lib.
572 2437 608 2471 II
632 2435 800 2470 Controv.

338 2499 352 2521 4
375 2490 449 2531 Nic.
466 2495 581 2530 Fabro
596 2494 678 2529 Not.
692 2499 726 2530 et
739 2491 831 2526 And.
850 2490 1012 2534 Schotto,
1029 2489 1070 2524 de
1090 2489 1143 2524 Cl.
1154 2488 1245 2534 apud
1258 2488 1341 2523 Sen.
1352 2487 1456 2522 Rhet.
1471 2499 1545 2532 pag.
1559 2487 1589 2522 6.

338 2552 353 2573 ⁵
376 2552 449 2586 Lib.
464 2550 648 2592 XXXIII,
665 2561 737 2592 cap.
760 2561 808 2581 12.

339 2606 354 2629 ⁶
375 2607 486 2641 Natus
507 2604 576 2639 scil.
602 2610 676 2638 erat
690 2616 744 2638 an.
762 2603 809 2637 U.
827 2600 869 2636 C.
888 2610 1067 2635 DCCLxxw
1091 2605 1237 2634 exeunte
1251 2624 1260 2641 ,
1292 2598 1346 2632 vel
1361 2611 1416 2633 an.
1436 2607 1629 2632 nchxxvn
1645 2596 1701 2631 la*

297 2664 403 2697 bente
417 2686 426 2703 ‚
446 2672 467 2694 x
481 2666 555 2704 post
571 2658 718 2703 Augusti
729 2657 862 2691 obitum
881 2656 998 2696 annis;
1015 2655 1138 2700 quippe
1156 2654 1212 2698 qui
1227 2653 1311 2688 obiit
1329 2654 1486 2699 Augusto
1494 2665 1633 2696 mense,
1646 2664 1700 2686 an.

300 2723 516 2757 ncccxxxu‚
530 2712 636 2748 aetatis
650 2718 744 2746 sexlo
753 2716 786 2745 et
796 2713 1063 2754 quinquagesimo
1074 2721 1084 2743 .·
1095 2707 1162 2743 vid.
1174 2709 1247 2743 Vit.
1265 2707 1368 2743 Plinii
1379 2707 1452 2752 jun.
1465 2706 1508 2742 ad
1522 2705 1614 2741 hunc
1625 2718 1680 2739 an.
