1794 3100
226 262 304 318 198
398 302 404 306 ,
649 258 700 299 P.
755 255 998 299 ovlml
1039 256 1223 299 vrrA

439 356 568 391 Felices
586 355 688 390 ambo
701 381 711 398 ‚
727 354 1000 399 tempestiveque
1016 354 1139 399 sepulti
1152 379 1161 397 ‚

484 416 576 450 Ante
595 415 686 449 diem
706 427 816 459 poeuae
832 414 922 460 quod
939 414 1071 460 periere
1088 412 1195 448 mese!

440 477 502 511 Me
523 488 661 521 quoque
675 474 813 510 felicem
824 500 834 518 ‚
856 474 948 520 quod
966 488 1038 509 non
1055 475 1248 511 viventibus
1264 474 1327 512 illis

477 537 565 572 Sum
584 535 688 570 miser
701 563 709 576 ‚
733 542 768 570 et
786 535 827 570 de
843 549 900 570 me
917 535 1009 581 quod
1028 535 1169 570 doluere
1186 535 1272 570 nihil
1288 537 1295 571 l

220 616 350 671 Suam
370 640 470 669 vero
475 621 616 686 filiam
635 620 682 668 in
700 620 848 670 Africa
870 632 961 668 turn
979 619 1136 677 fuisse,
1162 619 1316 685 prodit
1331 618 1466 668 Trist.
1489 619 1569 668 lib.
1587 622 1633 679 I,

221 699 342 763 Eleg.
371 711 426 747 111
443 737 454 757 ‚
477 716 585 746 vers.
619 716 674 764 19
697 709 739 745 et
762 714 822 744 20
845 718 853 745 :

435 803 541 838 NATA
559 802 678 847 procul
693 803 831 847 Lt‘bycz's
848 801 965 835 aberat
980 799 1114 835 diversa
1128 800 1191 835 sub
1205 803 1273 834 om*
1289 811 1300 842 ,-

483 863 557 898 Nec.
574 869 707 907 poterat
720 861 783 896 fati
803 861 929 895 certior
942 874 1012 895 esse
1030 861 1110 895 mei.

222 958 286 1007 Ea
306 956 511 1004 nimirum
536 974 634 1003 cum
659 955 817 1002 marito
841 954 950 1012 fuit,
977 954 1053 1019 qui
1075 953 1158 1000 hac
1180 953 1227 1000 in
1249 951 1473 1019 provincia
1491 951 1640 1018 aliquo

221 1033 490 1095 fungebatur
512 1022 689 1081 munere
705 1071 716 1091 ‚
741 1032 877 1080 nobis'
912 1030 1088 1097 quidem
1118 1030 1272 1093 ignoto
1289 1067 1302 1088 ‚
1339 1029 1415 1078 sed
1441 1029 1563 1095 quod
1586 1028 1640 1077 ad

225 1112 489 1160 senatorium
515 1112 711 1160 ordinem
745 1110 1028 1180 pertinuerit,
1054 1110 1091 1158 si
1120 1110 1172 1158 de
1195 1109 1280 1156 hoc
1309 1115 1319 1134 ¹
1345 1108 1533 1156 Nasonis
1565 1126 1642 1171 ge-

226 1208 334 1237 nero
355 1189 413 1237 sit
431 1188 744 1251 intelligendus
763 1189 923 1236 Seneca
943 1193 959 1212 ²
982 1208 991 1235 ε
1016 1211 1038 1230 «
1060 1190 1113 1236 In
1137 1199 1287 1236 senatu
1305 1187 1510 1252 ‚inquit,
1532 1184 1642 1235 flen-

228 1289 250 1308 »
280 1278 366 1314 tem
384 1264 572 1314 vidimus
584 1266 742 1314 Fidum
762 1265 1013 1314 Cornelium
1028 1303 1039 1323 ,
1064 1265 1254 1313 Nasonis
1274 1282 1492 1327 generum,
1513 1275 1591 1311 etc.
1613 1286 1637 1306 n

224 1346 295 1391 An
316 1343 465 1392 eadem
485 1344 618 1392 fuerit
636 1344 806 1392 Perillae
822 1343 1001 1391 nomine
1020 1343 1152 1401 dicta,
1172 1361 1274 1393 mox
1293 1341 1348 1390 ad
1366 1360 1529 1390 annum
1549 1361 1638 1408 seq.

225 1421 483 1470 videbimus.

291 1497 453 1560 Quoad
476 1483 626 1557 Ovidii
655 1497 859 1563 conjugem
890 1495 1041 1544 ordine
1065 1495 1235 1543 tertiam
1259 1514 1308 1543 ac
1331 1494 1554 1552 ultimam,
1595 1512 1641 1542 ea

226 1593 316 1623 non
342 1573 473 1621 modo
496 1591 591 1620 cum
620 1572 698 1619 illo
720 1591 826 1620 seros
841 1573 1070 1638 permansit
1091 1574 1132 1620 in
1149 1591 1296 1628 annos,
1327 1583 1370 1619 et

487 1669 659 1705 Sustinuit
678 1670 804 1714 conjux
813 1672 941 1703 exsulis
955 1682 1027 1704 esse
1049 1670 1114 1704 viri
1127 1668 1162 1711 ³3

229 1755 304 1804 sed
329 1767 371 1805 et
392 1755 595 1803 maritum
625 1754 671 1800 in
695 1752 893 1801 exsilium
916 1766 1063 1803 secuta
1092 1754 1274 1812 fuisset,
1306 1754 1343 1803 si
1367 1772 1446 1819 per
1467 1772 1566 1805 eum
1592 1752 1645 1800 li-

229 1833 412 1890 cuisset,
435 1831 570 1880 Trist.
593 1830 669 1878 lib.
696 1832 735 1888 l,
757 1830 880 1893 Eleg.
903 1843 983 1888 111,
1002 1849 1111 1879 vers.
1139 1829 1290 1877 81-88
1310 1849 1319 1877 :

448 1937 531 1971 Non
548 1942 645 1981 potes
660 1934 758 1970 avelli
776 1947 784 1969 z
801 1934 924 1976 simul,
943 1934 986 1968 ah
1000 1933 1009 1968 ἱ
1025 1933 1126 1969 simul
1140 1933 1267 1968 ibimus
1280 1961 1289 1978 ,
1308 1933 1444 1978 inquit3

490 1998 541 2032 Te
563 2009 706 2041 sequar,
726 2003 761 2030 et
775 1996 902 2039 conjux
918 1994 1039 2029 exsulis
1055 1995 1148 2030 exsul
1165 2007 1245 2038 er0,
1265 2001 1328 2029 etc.

446 2058 543 2094 Talia
560 2058 734 2099 tentabat,
749 2057 797 2092 sic
812 2064 847 2091 et
866 2063 1058 2091 tentaverat
1074 2063 1173 2097 ante;

490 2119 627 2163 Vixque
643 2118 740 2153 dedit
756 2118 860 2152 victas
874 2117 1021 2152 utilitate
1039 2129 1163 2151 manus
1176 2143 1185 2160 ,
1205 2123 1268 2150 etc.

230 2205 453 2265 Integrum
475 2202 572 2265 lege
593 2221 786 2258 carmen,
812 2213 862 2249 ut
886 2201 1030 2250 videas
1057 2212 1245 2267 quantus
1271 2198 1422 2253 Ovidii
1446 2198 1646 2264 proficis-

236 2282 373 2329 centis
399 2300 446 2329 ac
469 2299 646 2328 suorum
669 2278 814 2327 luctus
834 2279 1107 2344 gemitusque
1125 2277 1279 2334 fuerit,
1303 2276 1377 2324 illa
1398 2275 1644 2325 tristissima

232 2370 383 2416 nocte,
411 2377 507 2427 quae
532 2359 696 2420 Nostro
720 2375 972 2423 supremum
994 2368 1165 2422 tempus
1186 2357 1230 2403 in
1249 2355 1357 2403 urbe
1376 2354 1472 2402 fuit.

296 2438 374 2485 IX.
403 2438 494 2485 Nec
519 2436 648 2484 etiam
672 2434 745 2483 hic
764 2433 1025 2491 omittenda,
1052 2453 1146 2501 quae
1168 2433 1222 2484 de
1239 2432 1335 2480 suis
1356 2431 1544 2480 Ovidius
1561 2429 1647 2479 sub

234 2513 362 2575 fugae'
379 2525 552 2582 tempus
584 2513 791 2580 operibus
820 2512 984 2579 prodit.
1011 2513 1126 2560 Tum
1150 2510 1295 2559 Musis
1317 2509 1453 2558 iratus
1475 2519 1644 2558 TRANS-

277 2646 287 2664 ¹
314 2644 372 2678 Bis
389 2644 482 2678 enim
501 2651 610 2690 nupta
626 2644 713 2686 fuit3
731 2643 797 2678 vid.
817 2656 890 2689 sup.
908 2656 982 2688 pag.
1004 2644 1073 2686 154.

273 2705 287 2723 ²
312 2703 367 2738 Ad
386 2704 558 2738 Serenum
573 2730 581 2746 ‚
601 2717 673 2748 cap.
694 2718 730 2748 17
748 2717 759 2748 ,·
778 2704 846 2738 vid.
862 2717 934 2748 sup.
953 2717 1027 2749 pag.
1049 2704 1121 2741 126„

276 2764 289 2783 ³
313 2764 416 2798 Trist.
432 2764 488 2798 lib.
508 2763 577 2806 IV,
599 2764 695 2809 Eleg.
715 2775 754 2807 x,
775 2777 861 2798 vers.
881 2765 932 2808 74.
