1794 3100
236 208 292 264 98
673 205 721 246 P.
762 203 999 248 ov1D11
1033 203 1214 247 VITA

234 292 508 345 et'Tristium
529 295 604 342 lib.
630 297 701 353 II,
727 313 835 343 vers.
867 313 885 342 1
901 312 983 354 ιο,
1006 295 1060 343 (le
1081 295 1213 343 domo
1235 314 1312 344 sua
1332 316 1342 343 z

489 404 600 438 Parva
617 403 758 448 quidem
775 403 895 448 periit,
917 403 977 438 sed
990 403 1064 438 sine
1080 402 1155 437 labe
1169 429 1179 446 ,
1197 402 1331 438 domus.

446 463 503 498 sic
520 475 659 508 quoque
678 475 782 508 parva
802 470 933 507 tamen,
943 467 1056 508 patrio
1071 450 1206 498 dicatur
1219 470 1259 498 ut
1275 475 1347 498 aevo

491 522 640 567 CLARA,
657 536 723 558 nec
741 523 842 559 ullius
855 526 1029 559 nobilitate
1042 524 1177 568 minor,
1196 531 1262 559 etc.

228 614 413 680 denique
438 613 515 661 lib.
539 615 603 661 IV
627 632 678 662 ex
700 614 872 672 Ponto,
896 612 1020 676 Eleg,
1046 625 1135 661 VIII
1152 650 1164 671 ,
1185 632 1293 662 vers.
1325 631 1378 679 17
1405 625 1450 662 et
1476 613 1533 662 18
1556 635 1566 663 ε

445 722 517 756 Seu
529 734 634 766 genus
648 722 793 757 excutias
804 748 814 765 ,
831 724 973 766 equites,
997 721 1038 756 ab
1052 720 1185 766 origine
1201 721 1332 766 prima,

489 782 611 826 Usque
626 795 687 827 per
700 785 887 817 innumeros
901 781 1124 816 inveniemur
1138 794 1230 816 avos.
1247 807 1250 810 -

224 873 386 939 quibus
406 873 550 940 palam
574 885 662 929 est,
686 875 905 921 Nasonem
929 884 1129 921 nostrum
1165 891 1254 920 non
1286 871 1422 919 modo
1453 874 1640 939 equestris

219 950 356 1018 fuisse
379 950 569 1007 ordinis,
595 950 673 998 sed
695 963 736 998 et
755 970 806 998 ex
827 949 915 998 illis
931 987 943 1007 ‚
969 949 1045 1015 qui
1063 949 1123 997 ob
1144 949 1315 1012 generis
1337 948 1639 1015 antiquitatem

223 1027 329 1076 dicti
350 1028 554 1075 videntur
577 1028 745 1093 equites
767 1025 991 1093 splendidi,
1021 1026 1204 1090 spectbsi,
1230 1025 1403 1082 illustres
1425 1031 1454 1084 ¹,
1472 1026 1538 1075 uti
1550 1026 1639 1092 jam

218 1106 265 1153 in
289 1107 464 1154 Horatii
496 1105 598 1154 Vita
625 1112 641 1129 ²
666 1105 937 1162 notavimus,
964 1103 1094 1152 simul
1115 1123 1166 1151 ex
1198 1116 1353 1152 nostro
1382 1116 1635 1164 monentes,

216 1183 350 1231 hosce
373 1181 560 1229 multum
584 1180 679 1228 aliis
699 1180 886 1228 fortunae
906 1199 982 1228 seu
1000 1179 1163 1228 militiae
1176 1180 1495 1229 munere'factis
1510 1181 1635 1247 equi-

220 1260 343 1308 tibus
377 1258 680 1325 praecelluisse.
719 1257 846 1306 Unde
868 1270 960 1315 est,
987 1256 1109 1323 quod
1132 1256 1320 1306 Ovidius
1343 1257 1634 1319 in-mulierem

218 1336 441 1384 invehitur
459 1374 471 1394 ‚
497 1355 592 1402 quae
614 1334 746 1384 alium
769 1334 926 1383 militia
946 1353 1087 1401 nuper
1107 1334 1162 1382 ad
1177 1347 1420 1400 equestrem
1437 1334 1633 1383 ordinem

215 1424 470 1479 promotum
504 1412 591 1479 ipsi
621 1411 897 1478 praetulerat,
935 1413 1086 1460 Amor.
1115 1410 1209 1459 lib(
1227 1413 1318 1469 III,
1350 1411 1473 1474 Eleg.
1500 1414 1629 1465 'V111‚

215 1509 325 1539 vers.
351 1507 381 1556 9
403 1501 447 1538 et
468 1508 553 1555 sqq
573 1510 583 1537 ε

431 1599 520 1635 Ecce
535 1613 648 1635 recens
664 1602 756 1634 dives
766 1626 774 1639 ,
803 1606 902 1644 parto
918 1612 980 1644 per
996 1601 1132 1634 vulnera
1148 1611 1253 1633 censu
1265 1624 1274 1641 ,

476 1661 670 1697 Praefertur
685 1660 784 1695 nobis
798 1661 967 1706 sanguine
980 1667 1096 1706 pastus
1111 1672 1208 1704 eques
1219 1687 1227 1701 ,
1245 1665 1309 1693 etc.
1386 1670 1392 1689 ι

216 1770 310 1818 quae
342 1769 443 1799 vero
477 1750 531 1798 ad
562 1750 681 1798 hunc
716 1748 914 1797 ordinem
937 1749 1194 1815 spectabant
1212 1748 1310 1813 jura
1331 1759 1374 1795 et
1397 1747 1598 1795 instituta
1617 1784 1627 1803 ,

212 1829 362 1896 plures
386 1827 400 1853 ³
424 1830 511 1895 jam
538 1828 805 1884 docuerunt,
833 1826 912 1875 nec
933 1827 1064 1891 hujus
1091 1838 1155 1874 est
1173 1825 1258 1874 loci
1279 1836 1369 1873 rem
1386 1825 1628 1873 accuratius

214 1908 444 1956 discutere.

278 1987 355 2033 VI.
383 1986 513 2033 Pater
537 1996 579 2032 et
601 1994 739 2030 mater
761 1981 903 2030 adhuc
932 1982 979 2028 in
1001 1981 1110 2028 vivis
1133 1978 1280 2038 erant,
1314 1992 1448 2046 quum
1477 1992 1629 2029 noster

214 2062 436 2111 scriberet·
456 2062 605 2108 Amor.
645 2058 723 2106 lib.
756 2061 802 2117 I,
835 2057 957 2120 Eleg.
982 2069 1050 2109 m.
1078 2057 1192 2122 (vid.
1218 2057 1330 2106 infra
1358 2077 1459 2105 ann.
1492 2059 1548 2105 U.
1574 2059 1624 2106 C.

215 2151 476 2195 DCCXXXIV‚
499 2158 543 2185 n.
572 2135 644 2201 3.)
667 2139 757 2185 Nec
784 2148 968 2185 mortem
1000 2135 1086 2189 nisi
1116 2146 1240 2183 aetate
1266 2148 1471 2201 proveeta
1504 2136 1626 2184 obie-

213 2229 318 2265 runt
330 2255 342 2275 ,
366 2216 490 2282 prior
503 2214 672 2280 illejam
687 2214 1006 2276 nonagenarius
1019 2251 1031 2271 ,
1052 2224 1159 2280 post
1177 2225 1313 2279 mater
1326 2250 1345 2277 ,K
1359 2225 1492 2279 atque
1508 2223 1625 2261 uter-

217 2313 300 2359 que
320 2305 419 2342 ante
437 2292 516 2341 filii
537 2291 733 2341 exsilium
755 2313 764 2339 :
784 2291 918 2340 Trist.
944 2291 1021 2339 lib.
1047 2291 1127 2349 IV,
1145 2289 1266 2353 Eleg.
1288 2302 1319 2337 x
1333 2327 1345 2347 ‚
1368 2307 1477 2348 vers.
1501 2306 1556 2354 77
1582 2309 1591 2335 ε

261 2426 350 2460 ¹De
371 2426 493 2471 quibus
509 2424 675 2460 nonnulla
690 2431 789 2459 notat
806 2423 938 2470 Lipsius
954 2423 996 2458 ad
1012 2423 1123 2457 Tacit.
1142 2420 1270 2456 Anna!
1293 2418 1369 2464 XI,
1395 2433 1467 2465 cap
1489 2421 1527 2463 4,
1550 2432 1624 2465 quae

215 2482 314 2517 nobis
330 2494 402 2515 non
419 2482 576 2527 placent,
593 2480 653 2516 sed
668 2479 849 2515 confutare
867 2493 929 2525 per
948 2486 1110 2514 nostrum
1125 2490 1197 2512 non
1213 2476 1292 2511 licet
1305 2475 1517 2529 institutum.

256 2539 272 2560 ²
294 2538 376 2583 Pag.
397 2539 458 2580 114
471 2544 506 2572 et
519 2550 590 2582 seq.

259 2590 272 2612 ³
296 2590 377 2625 Vid.
395 2591 516 2626 Rosin
534 2590 706 2636 Antiquit.
723 2590 779 2625 lib.
797 2590 814 2624 I
825 2603 924 2634 ,.cap
942 2603 998 2634 17;
1019 2588 1121 2623 Joan.
1140 2587 1272 2622 Anton.
1286 2586 1499 2630 Valtrinius,
1517 2585 1559 2621 de
1571 2586 1624 2621 Re

219 2645 319 2680 milit.
335 2646 392 2680 lib.
411 2646 491 2688 111,
516 2659 588 2690 cap.
605 2647 651 2688 4;
677 2645 768 2690 Lips.
796 2644 838 2679 de
866 2644 970 2679 Milit.
991 2643 1094 2679 Rom.
1125 2642 1181 2677 lib.
1203 2641 1292 2676 Dial.
1310 2642 1366 2682 V;
1394 2637 1560 2676 Alexand.
1584 2640 1625 2674 ab

217 2700 434 2743 Alexandro,
451 2700 506 2735 lib.
529 2700 565 2734 Il
578 2727 586 2737 .
605 2713 676 2744 cap.
693 2714 754 2746 29,
770 2713 850 2735 cum
867 2699 1078 2744 Tiraq.Not.
1089 2705 1151 2733 etc.
