1794 3100
257 250 315 305 46
636 251 687 292 P.
729 250 964 296 ovlon
1004 251 1307 296 NAsoNis

319 341 461 399 Vicit,
489 360 618 407 opem
643 342 813 391 miseris
834 343 1146 410 Argolicisque
1169 344 1284 393 tulit.

259 421 408 484 thue
429 437 569 485 nepos
594 418 787 477 AEthrae,
814 421 998 470 Veneris
1020 421 1246 487 periturus
1270 422 1328 469 ob
1351 422 1481 480 iram,

321 495 458 544 Exsul
481 497 536 544 ab
564 496 776 545 adtonitis
800 498 1033 547 excutiaris
1054 498 1192 565 equis.

258 575 449 640 Propter
472 592 578 639 opes
599 592 777 636 magnas
801 586 853 622 ut
874 576 1067 642 perdidit
1089 577 1251 644 hospes
1272 577 1521 637 alumnum,

327 650 489 699 Perdat
513 650 572 698 ob
599 650 775 713 exiguas
799 663 841 699 te
864 664 965 701 tuus
988 653 1149 720 hospes
1174 672 1294 720 opes.

267 729 382 774 Utve
403 727 549 774 ferunt
575 726 730 776 fratres
755 747 830 777 sex
853 748 950 776 eum
974 729 1349 788 Damasichthone
1373 748 1530 790 caesos,

328 805 521 851 Intereat
540 815 682 852 tecum
706 805 768 853 sic
792 823 929 867 genus
956 824 1084 853 omne
1110 817 1248 853 tuum.

263 880 449 928 Addidit
471 892 522 928 ut
543 881 714 930 fidicen
726 882 894 931 miseris
917 901 996 931 sua
1016 882 1169 931 funera
1187 884 1326 941 natis,
1622 899 1686 935 '85

331 958 402 1005 Sic
427 958 512 1005 tihi
537 957 626 1006 sint
646 958 744 1007 vitae
768 959 896 1007 taedia
915 960 1034 1024 justa
1059 971 1154 1007 tuae.

267 1036 382 1081 Utve
405 1053 533 1082 soror
549 1034 731 1100 Pelopis
747 1072 758 1092 ‚
783 1054 887 1083 saxo
911 1035 1082 1084 dureris
1105 1035 1265 1083 oborto
1279 1072 1290 1092 ‚

331 1114 392 1160 Et
416 1112 546 1160 laesus
573 1111 727 1175 lingua
748 1114 907 1161 Battus
931 1114 986 1161 ab
1009 1114 1104 1179 ipse
1128 1133 1235 1162 suas

270 1190 385 1238 Aera
410 1189 446 1238 si
470 1191 606 1237 misso
629 1209 813 1238 vacuum
835 1190 1079 1255 jaculabere
1103 1190 1249 1248 disco,

333 1267 438 1329 Quo
459 1285 572 1331 puer
596 1265 835 1315 OEbalides
851 1304 863 1323 ,
887 1267 1000 1315 ictus
1025 1267 1080 1315 ab
1108 1267 1216 1315 orbe
1240 1268 1380 1316 cadas.

1625 1285 1690 1330 ⁵90

270 1344 318 1391 Si
340 1363 425 1409 qua
449 1362 528 1409 per
550 1342 744 1391 alternos
768 1343 1016 1410 pulsabitur
1040 1343 1361 1392 unda'lacertos
1375 1383 1386 1402 ,

339 1419 499 1468 Omnis
522 1418 737 1484 Abydena
756 1418 815 1466 sit
840 1418 924 1467 tibi
948 1421 1074 1486 pejor
1096 1441 1220 1487 aqua.

278 1546 454 1581 Choroebo
470 1551 671 1579 monstrum
689 1544 778 1579 filios
798 1552 951 1579 matrum

273 1600 354 1634 sinu
370 1599 522 1634 educens
537 1624 546 1641 ,
572 1605 674 1643 atque
700 1597 871 1632 devorans
889 1598 953 1632 in—

277 1650 483 1692 terfectum;
502 1650 653 1693 Statius,
674 1649 732 1683 lib.
755 1651 771 1685 1
793 1650 954 1684 Thebai-

279 1702 341 1736 dos
355 1728 363 1745 ,
392 1701 452 1736 ubi
477 1701 544 1735 hoc
570 1708 770 1737 monstrum
796 1701 955 1746 graphice

280 1753 454 1799 depingit,
469 1752 588 1787 dicens
598 1753 681 1799 596:
692 1766 708 1781 κ
718 1752 807 1786 Sero
819 1764 957 1785 memor

280 1804 436 1848 thalami,
445 1811 576 1839 moestae
584 1804 703 1839 solatia
713 1805 836 1848 morti,
851 1804 958 1839 Phoe—

279 1858 337 1901 be,
346 1869 457 1903 paras,
469 1863 669 1891 monstrum
679 1855 841 1898 infandis,
850 1854 959 1889 Ache-

281 1917 382 1944 ronte
394 1909 458 1943 sub
469 1908 542 1942 imo
553 1934 562 1951 ,
574 1914 637 1943 etc.
647 1922 664 1937 »
681 1907 829 1942 Ovidius
841 1913 959 1941 autem

282 1963 367 1996 illud
380 1968 579 1995 monstrum
584 1968 710 2005 pestem
722 1959 878 2005 adpellat.
899 1959 935 1993 S.

329 2017 402 2060 5¹79.
426 2014 536 2057 thue
557 2025 658 2056 nepos
671 2014 806 2047 AEthroe.
826 2012 962 2046 Revera

283 2064 517 2111 Hippolytum
527 2089 536 2107 ,
549 2064 593 2098 ob
604 2064 693 2098 iram
704 2063 871 2106 Veneris,
884 2074 961 2108 quae

285 2118 328 2152 ab
340 2130 382 2151 eo
392 2116 698 2159 contemnebatur,
709 2116 962 2161 interemptum

284 2168 463 2214 comperio
481 2167 572 2212 apud
587 2166 692 2201 Ovid.
709 2167 765 2202 lib.
779 2166 811 2198 V
830 2168 962 2201 Fastor.

286 2222 352 2268 309
367 2234 375 2255 ι
392 2235 409 2250 «
426 2219 617 2265 Hippolyte
629 2218 748 2253 infelix
759 2245 768 2260 ,
788 2218 891 2252 velles
903 2230 963 2252 co-

286 2272 387 2307 luisse
403 2271 559 2306 Dionem
571 2296 580 2314 ,
596 2271 720 2315 Quum
737 2269 964 2305 consternatis

289 2324 487 2370 diripereris
503 2323 610 2368 equis.
624 2337 642 2353 »
659 2323 965 2357 Sum—Moritu-

288 2391 354 2412 ηις.
366 2376 532 2411 Meliores
541 2378 716 2419 perduras.
732 2375 865 2408 Hltms.

335 2431 409 2463 581.
426 2428 473 2461 Ut
479 2429 627 2471 perdedit
636 2429 765 2471 hospes.
782 2427 824 2461 ld
839 2434 909 2471 est,
928 2434 966 2461 ut

291 2481 486 2528 Polydorus
495 2493 514 2514 a
525 2479 966 2527 Polymnestore,Th1-aciae

291 2546 392 2578 rege,
415 2533 542 2567 violato
566 2531 705 2577 hospitii
727 2533 805 2577 jure
826 2538 967 2566 necatus

295 2592 358 2626 est,
370 2584 554 2629 cupiditate
566 2584 640 2618 auri
651 2584 743 2629 quod
755 2584 911 2618 habebat.
922 2583 967 2618 D.

339 2635 413 2670 583.
434 2636 670 2679 thuefhrunt.
686 2636 741 2670 De
758 2646 912 2670 numero
924 2635 969 2678 fi·—

292 2687 419 2722 liorum
427 2686 556 2721 Niobes
563 2686 706 2721 diversae
713 2687 803 2732 apud
814 2694 968 2721 auctores

295 2739 519 2784 reperiuntur
529 2751 585 2773 sen
591 2739 707 2773 tentiae
723 2753 730 2773 ε
744 2752 826 2774 nam
837 2740 970 2774 Home-

1019 1559 1078 1580 rus
1094 1558 1239 1591 pueros,
1256 1547 1455 1592 puellasque
1471 1559 1572 1583 senos
1587 1547 1692 1584 fuisse

1019 1593 1134 1632 scribit
1142 1624 1151 1641 ,
1164 1598 1215 1633 bis
1224 1606 1386 1643 septenos
1396 1599 1582 1644 Euripides
1592 1626 1601 1643 ‚
1615 1599 1695 1645 qul—

1022 1651 1102 1685 dam
1119 1650 1175 1685 alii
1190 1651 1372 1697 scriptores
1387 1658 1456 1687 tres
1472 1659 1609 1688 tantum
1623 1662 1695 1689 Ὕσ-

1022 1703 1118 1745 lunt;
1143 1702 1248 1737 Ovid.
1265 1704 1370 1738 etiam
1386 1704 1423 1738 in
1442 1705 1515 1740 VII
1537 1700 1625 1740 Met.
1644 1704 1696 1740 bis

1022 1762 1156 1800 septem
1164 1755 1264 1799 dicit,
1273 1761 1310 1790 et
1320 1756 1470 1791 marium
1481 1757 1579 1802 ponit
1588 1758 1697 1792 nomi-

1023 1806 1152 1851 na:q11i
1163 1819 1220 1840 om
1226 1820 1287 1841 nes
1297 1807 1418 1853 sagitta
1428 1821 1447 1842 a
1457 1808 1589 1843 Phoebo
1597 1809 1696 1844 occisi

1023 1863 1105 1890 sunt
1120 1882 1129 1898 ,
1155 1865 1299 1902 propter
1320 1858 1440 1893 matris
1461 1859 1609 1893 nimiam
1629 1871 1696 1894 su-

1025 1909 1197 1953 perbiam,
1211 1910 1421 1955 Latonaeque
1434 1918 1675 1956 contemptum
1686 1938 1695 1955 ,

1025 1971 1128 2004 quam
1143 1961 1295 1995 sterilem
1305 1961 1510 2007 praedicabat
1521 1977 1529 2005 ;
1546 1975 1565 1997 e
1576 1963 1699 2007 quibus

1025 2023 1117 2046 unus
1131 2020 1207 2047 erat
1222 2013 1486 2049 Damasichton.

1073 2064 1148 2098 585.
1169 2065 1325 2100 Addidit.
1347 2065 1526 2110 Amphion
1540 2092 1550 2110 ,
1572 2067 1699 2111 coniux

1013 2117 1155 2171 «Niobes
1167 2143 1176 2160 ,
1195 2118 1340 2152 mortuis
1354 2118 1450 2162 filiis,
1467 2118 1530 2154 sibi
1546 2126 1698 2154 mortem

1026 2169 1208 2212 conscivit,
1225 2169 1336 2205 clarus
1353 2176 1425 2206 arte
1441 2170 1581 2206 musica.
1596 2169 1700 2206 Dour.

1072 2222 1147 2265 587.
1165 2222 1266 2255 Soror
1278 2223 1419 2266 Pelopis.
1436 2221 1546 2257 Niobe
1564 2220 1702 2257 Tantali

1028 2286 1069 2307 ex
1084 2274 1238 2321 Taygete
1257 2270 1327 2308 fitia
1339 2300 1349 2317 ,
1374 2270 1582 2320 Amphionis
1596 2270 1701 2310 The-

1029 2326 1155 2360 barum
1171 2326 1261 2372 regis
1278 2336 1366 2360 uxor
1382 2325 1449 2361 fuit
1469 2339 1477 2360 z
1498 2337 1575 2370 quae
1591 2327 1701 2362 nimio

1030 2389 1181 2412 moerore
1206 2379 1249 2413 ob
1268 2377 1430 2413 natorum
1455 2377 1637 2412 interitum
1664 2377 1701 2413 in

1030 2442 1189 2463 marmor
1201 2428 1327 2464 dicitur
1345 2441 1462 2472 versa,
1482 2435 1520 2462 ut
1542 2429 1583 2464 ab
1596 2428 1703 2464 Ovid.

1030 2483 1067 2515 in
1083 2482 1227 2516 Metam.
1248 2480 1375 2515 lih.V1
1392 2481 1594 2525 accepimus.

1076 2533 1149 2568 588.
1169 2534 1219 2567 Et
1229 2535 1328 2566 laesus
1337 2534 1453 2576 lingua
1462 2533 1596 2568 Baltus.
1611 2533 1654 2568 In
1665 2529 1704 2568 Π

1033 2584 1268 2629 Metamorph.

1071 2639 1142 2684 590.
1158 2638 1229 2679 Quo
1233 2647 1324 2680 puer
1336 2636 1567 2685 Hyacinthus,
1578 2635 1706 2671 aPhoe-

1034 2689 1079 2723 bo
1096 2687 1262 2730 dilectus,
1280 2687 1317 2721 in
1334 2687 1417 2721 ludo
1437 2687 1519 2722 disci
1536 2686 1578 2722 ab
1596 2698 1639 2721 eo
1655 2694 1706 2721 est

1035 2739 1204 2773 extinctus
1218 2750 1281 2782 per
1298 2738 1581 2782 imprudentiam.
1603 2736 1705 2770 Dom-
