1794 3100
258 244 344 285 218
693 245 743 287 P.
790 245 1035 290 OVIDII
1071 247 1242 291 VITA

254 335 368 382 nerit
388 333 464 382 lib.
492 336 512 382 I
538 353 588 383 ex
612 335 758 384 Ponto
774 373 785 395 ‚
810 357 938 404 quem
964 357 1092 405 supra
1109 339 1308 388 vidimus
1330 341 1448 389 haud
1470 355 1571 392 ante
1595 344 1676 412 hy-

253 411 439 459 bernum
462 411 594 476 hujus
617 413 720 460 anni
740 425 912 481 tempus
934 416 1100 463 editum
1123 416 1257 465 suisse
1279 436 1289 464 :
1310 417 1414 465 hinc
1433 419 1673 485 conjectare

253 489 381 548 licet,
404 501 581 555 poetam
604 491 675 538 vix
698 505 798 541 ante
824 493 956 558 hujus
979 494 1082 541 anni
1103 494 1234 543 finem
1259 495 1311 542 de
1334 497 1502 545 Tiberii
1518 500 1675 549 trium-

251 569 343 635 pho
370 568 609 627 audivisse,
646 582 777 636 atque
798 572 983 637 proinde
1006 572 1124 620 hunc
1143 573 1214 621 vix
1237 586 1337 621 ante
1362 575 1558 641 hyemem
1581 597 1677 628 esse

253 646 449 694 ductum.
474 647 569 695 Nisi
594 647 789 698 dicamus
803 687 815 706 ‚
840 651 1061 699 Nasonem
1081 651 1185 699 dum
1203 652 1426 718 Epistolas
1444 653 1524 703 lib.
1543 657 1565 704 I
1581 657 1674 705 col-

250 723 426 786 ligeret,
451 724 644 791 satisque
669 726 723 774 ad
744 727 911 791 justum
939 726 1144 775 volumen
1173 728 1381 789 haberet,
1401 730 1503 779 illas
1525 732 1580 780 ad
1602 751 1674 782 se-

251 812 455 867 quentem
480 800 641 849 librum
663 822 878 860 servasse,
906 805 1069 869 quibus
1088 805 1361 872 triumphum
1380 808 1604 859 laudabat.

315 879 395 926 IV.
419 880 483 926 Ut
504 890 554 926 ut
576 879 654 936 sit,
682 899 817 945 quum
841 880 953 928 nihil
977 883 1082 930 certi
1100 883 1182 930 hae
1203 882 1250 930 in
1269 904 1315 932 re
1337 884 1514 935 definire
1535 886 1674 936 valea-

249 973 372 1011 mus,
400 955 505 1003 satis
526 955 660 1004 fuerit
688 969 961 1014 autumasse‚
990 971 1168 1025 poetam
1190 962 1392 1026 potuisse
1416 963 1676 1014 citissimum

250 1031 332 1079 sub
352 1031 484 1095 hujus
499 1033 602 1080 anni
622 1033 785 1093 exitum
804 1054 1043 1084 memorare
1060 1036 1231 1084 Tiberii
1251 1039 1546 1107 triumphum,
1562 1059 1674 1107 prae—

249 1110 398 1158 sertim
421 1109 499 1158 lib.
521 1113 564 1159 II
580 1149 592 1169 ‚
618 1113 764 1179 Epist.
792 1127 825 1162 Ι.
854 1115 957 1162 Haec
979 1115 1094 1163 enim
1116 1116 1278 1182 scripta
1295 1118 1468 1166 videtur
1481 1119 1559 1167 ubi
1579 1119 1674 1186 pri-

251 1205 371 1235 mum
395 1187 449 1234 de
473 1188 551 1237 illo
575 1190 785 1239 nuncium
808 1204 1052 1258 acceperat,
1078 1193 1293 1260 siquidem
1313 1214 1448 1265 quum
1466 1195 1527 1244 sic
1548 1213 1671 1245 exor-

251 1282 326 1311 sus
348 1275 462 1312 esset
483 1285 492 1311 :

469 1362 552 1397 Huc
569 1376 708 1408 quoque
729 1366 876 1399 Caesarez'
887 1366 1044 1410 pervenit
1060 1366 1154 1401 fama
1169 1360 1344 1412 triumphi,

511 1422 690 1469 Languida
706 1437 775 1469 quo
791 1424 870 1460 fessi
885 1426 939 1460 vix
955 1427 1051 1461 venit
1067 1440 1150 1462 aura
1168 1428 1269 1469 Noti;

246 1510 394 1569 addit,
418 1531 526 1561 vers.
560 1531 700 1579 19-22
721 1534 730 1562 z

466 1611 587 1647 Gratia
601 1638 610 1655 ,
634 1615 762 1654 Fama,
781 1613 843 1648 tibi
857 1627 864 1648 :
881 1627 943 1659 per
960 1627 1065 1660 quam
1082 1623 1233 1662 spectata
1247 1619 1406 1661 triumphi

510 1674 649 1709 Incluso
665 1674 788 1709 mediis
804 1682 856 1710 est
873 1675 958 1710 mihi
975 1689 1102 1723 pompa
1120 1676 1229 1712 Getis.

464 1734 583 1769 Indice
601 1741 634 1769 te
655 1735 780 1778 didici,
801 1746 928 1770 NUPER
943 1736 1083 1771 visenda
1100 1738 1206 1773 coisse

511 1797 719 1831 Innumeras
736 1804 856 1841 gentes
873 1796 916 1831 ad
933 1797 1028 1832 ducis
1046 1811 1107 1832 ora
1122 1798 1194 1842 sui,
1212 1806 1276 1834 etc.

247 1899 327 1928 nec
362 1881 473 1928 male
506 1881 748 1948 hyemalem
779 1893 1079 1947 tempestatem
1110 1883 1366 1946 designant,
1395 1903 1490 1951 quae
1513 1896 1668 1951 postea

247 1956 384 2013 canit,
410 1975 521 2024 vers.
550 1956 612 2003 25
634 1977 644 2004 :

465 2055 523 2089 Tu
539 2054 624 2088 mihi
637 2055 781 2089 narrasti
797 2081 807 2098 ‚
826 2068 935 2099 quum
950 2057 1064 2090 multis
1079 2058 1210 2090 lucibus
1225 2063 1305 2091 ante
1330 2048 1332 2050 ¹

509 2115 540 2149 F
542 2114 656 2149 uderit
669 2117 835 2149 adsiduas
850 2115 990 2150 nubilus
1007 2115 1137 2151 Auster
1151 2129 1259 2161 aquas
1270 2144 1279 2158 ‚

461 2175 612 2210 Lumine
629 2175 753 2211 celesti
771 2175 892 2210 Solem
907 2176 1041 2212 fulsisse
1059 2190 1225 2213 serenum
1239 2204 1249 2221 ,

513 2236 605 2272 Cum
622 2236 739 2282 populi
757 2236 855 2271 vultu
871 2237 1102 2272 conveniente
1119 2238 1186 2274 die.

247 2321 340 2385 Qui
363 2320 455 2369 dies
478 2338 638 2368 serenus
658 2321 742 2369 sub
765 2332 957 2369 aestatem
980 2321 1091 2370 nihil
1114 2322 1214 2370 miri
1237 2320 1420 2370 tulisset.

312 2397 450 2461 Quod
474 2416 612 2464 porro
636 2397 865 2462 subjungit
886 2418 896 2446 :

464 2496 581 2541 Atque
599 2497 646 2531 ita
662 2500 818 2532 viclorem
830 2525 838 2538 ‚
861 2510 942 2532 cum
959 2510 1088 2543 magno
1104 2497 1195 2532 vocis
1207 2497 1341 2532 honore
1353 2524 1363 2541 ‚

508 2559 644 2595 Bellica
659 2557 804 2595 laudatis
819 2561 909 2595 dona
925 2560 1059 2595 dedisse
1072 2557 1152 2594 viris
1166 2571 1174 2592 :

246 2639 492 2689 illustratur
523 2660 575 2688 ex
613 2640 767 2689 Velleii
797 2641 967 2697 verbis,
995 2660 1091 2708 quae
1123 2641 1203 2689 lib.
1240 2643 1313 2700 ll,
1340 2660 1434 2707 cap.
1478 2658 1559 2689 121
1580 2679 1592 2699 ,
1616 2637 1664 2690 ea

244 2719 575 2786 subsequuntur
606 2720 739 2768 modo
773 2720 825 2767 de
848 2721 933 2768 hoc
960 2720 1186 2786 triumpho
1207 2720 1378 2787 prolata
1402 2741 1412 2769 ε
1442 2742 1463 2763 «
1489 2721 1662 2785 Quem,
