1794 3100
247 234 333 276 258
746 223 1158 278 DISSER'TATIO

246 326 386 375 detur.
421 327 489 374 Ita
520 326 636 373 enim
671 325 896 384 Zosimus,
923 326 1000 375 lib.
1033 329 1083 384 I,
1120 346 1213 394 cap.
1250 328 1310 389 42
1329 367 1341 387 ‚
1377 341 1420 378 et
1441 329 1656 397 imprimis

244 408 322 457 lib.
346 409 424 466 lv,
448 426 540 473 cap.
566 408 627 467 4ο
641 444 653 464 ‚
673 406 753 455 ubi
772 407 991 466 Gerontii,
1012 409 1256 456 Tomorum
1277 410 1490 475 praefecti,
1508 430 1655 462 casum

243 510 324 540 suo
348 510 469 539 more
493 490 597 539 satis
619 489 832 539 invidiose
853 490 1107 539 Theodosio
1131 492 1384 558 imperatori
1407 494 1653 561 exprobrat·

246 572 340 620 sita
359 571 445 620 suit
459 609 471 628 ‚
495 582 671 618 auctore
695 569 958 629 Ptolemaeo,
983 571 1030 619 in
1050 573 1198 621 Maesia
1216 574 1442 634 inferiore,
1457 576 1567 624 Tab;
1590 579 1658 626 lx

242 654 432 718 Europae
448 689 459 710 ‚
484 651 540 699 ad
571 651 692 714 grad.
715 651 870 714 longit.
899 652 980 711 55,
1006 653 1080 702 lat.
1107 648 1196 715 45,
1223 655 1311 714 50;
1343 676 1473 723 quem
1496 656 1654 707 merito

244 745 489 800 sequuntur
507 733 703 783 Ortelius
721 746 764 782 et
785 735 1048 784 recentiores
1068 735 1141 784 alii
1161 756 1171 785 :
1193 738 1311 803 quod
1329 756 1464 805 quum
1487 740 1549 789 ita
1568 741 1628 790 sit
1640 779 1653 798 ‚

241 817 388 865 mirari
414 816 513 882 quis
536 816 706 881 possit,
732 816 851 881 quod
873 816 926 865 de
943 817 1220 867 intolerando
1242 820 1342 882 gelu
1361 833 1406 869 et
1429 822 1655 872 sterilitate

240 897 362 947 illius
384 898 571 946 climatis
594 897 701 945 adeo
726 898 959 963 quiritetur
983 899 1282 950 sulmonensis
1310 914 1492 961 noster,
1518 900 1655 971 quum

238 979 476 1047 parallelus
500 979 573 1027 ille
596 998 675 1045 per
697 979 834 1027 Italiae
857 992 900 1027 et
923 981 1146 1047 Hispaniae
1167 995 1314 1049 partes
1336 993 1538 1034 transeat.
1565 987 1658 1036 Aut

237 1061 374 1124 igitur
389 1060 628 1108 admodum
651 1060 798 1108 mollis
817 1061 902 1109 fuit
925 1061 999 1110 ille
1019 1074 1269 1113 tenerorum
1289 1064 1414 1114 lusor
1428 1063 1653 1128 amorum,

235 1155 312 1191 aut
333 1142 548 1190 ambitum
572 1141 827 1190 calamitatis
854 1144 975 1191 auxit
997 1146 1234 1194 excusabili
1260 1148 1450 1213 quodam
1473 1149 1653 1201 menda-

239 1225 321 1272 cio.
350 1225 478 1273 Certe
503 1223 579 1290 qui
598 1223 731 1272 hodie
754 1223 851 1272 illas
873 1238 1017 1291 partes
1035 1226 1200 1286 videre,
1225 1229 1375 1277 mitius
1393 1229 1650 1296 loquuntur.

235 1307 297 1354 Et
319 1306 410 1353 haec
434 1306 610 1371 quidem
632 1306 732 1353 ideo
748 1305 953 1372 pluribus
967 1344 978 1364 ‚
1007 1308 1109 1373 quia
1128 1310 1415 1375 sequentibus
1428 1311 1557 1361 fidem
1577 1325 1667 1362 aut.

233 1387 416 1445 facient,
441 1398 516 1435 aut
539 1387 744 1435 adiment.
772 1389 922 1451 Quum
950 1390 1063 1437 enim
1088 1390 1141 1438 de
1164 1390 1251 1439 situ
1274 1392 1358 1440 loci
1379 1412 1508 1442 nemo
1531 1407 1651 1445 vete-

234 1488 333 1516 rum
359 1468 649 1526 dubitaverit,
675 1481 716 1517 et
741 1469 833 1535 ipse
860 1471 1047 1520 Ovidius
1072 1473 1238 1538 optime
1267 1475 1414 1523 testari
1436 1489 1566 1543 queat-
1596 1478 1649 1526 ad

234 1550 429 1599 Pontum
461 1550 683 1598 Euxinum
697 1587 709 1608 ‚
753 1570 893 1618 prope
923 1553 1083 1601 ostium
1126 1556 1228 1603 Istri
1263 1556 1457 1622 positum
1486 1558 1623 1608 fuisse
1637 1598 1650 1618 ‚

233 1631 398 1680 sactum
416 1644 484 1681 est
502 1643 646 1680 tamen
664 1633 886 1698 superiore
915 1634 1061 1683 seculo
1075 1673 1086 1693 ‚
1114 1648 1165 1684 ut
1183 1637 1350 1687 Caelius
1362 1638 1655 1703 calcagninus

237 1715 513 1771 Temeswar‚
536 1714 860 1780 Transylvaniae
884 1717 1098 1782 oppidum
1115 1755 1126 1776 ‚
1155 1719 1366 1770 Ciofanus
1390 1733 1434 1770 et
1452 1722 1527 1770 alii
1539 1725 1654 1772 -Kio-

234 1795 348 1844 viam
367 1796 632 1854 Lithuaniae‚
653 1797 990 1847 mediterraneas
1006 1799 1152 1858 urbes,
1171 1802 1335 1851 Tomos
1349 1789 1542 1853 'veterum
1561 1823 1652 1855 esse
1678 1840 1683 1844 —

239 1877 422 1926 ridicule
441 1878 821 1928 crediderintstllle
841 1879 977 1928 solius
997 1882 1190 1930 nominis
1211 1883 1368 1933 vicinia
1384 1878 1565 1945 ductus,
1581 1888 1654 1936 -hi'c

239 1958 460 2025 sepulchri
492 1960 718 2025 cujusdam
751 1960 1022 2020 detectione,
1049 1963 1170 2028 quod
1194 1983 1332 2031 prope
1364 1967 1475 2015 hanc
1498 1969 1653 2018 urbem

241 2060 340 2091 cum
358 2041 645 2107 inscriptione
661 2041 810 2089 Ovidii
828 2055 1048 2108 repertum
1071 2045 1140 2093 sit.
1165 2046 1252 2094 Sed
1274 2047 1433 2116 volupe
1452 2051 1582 2100 fuerit
1600 2051 1654 2100 de

237 2123 310 2170 his
325 2122 607 2171 disserentem
623 2123 772 2171 audire
785 2125 1068 2174 Laurentium
1079 2127 1317 2177 Mullerum
1327 2167 1339 2188 ‚
1358 2131 1651 2182 consiliarium

249 2204 472 2269 quondam
486 2204 609 2252 ducis
629 2204 897 2254 Curlandiae:
920 2208 1040 2256 VVir
1053 2207 1181 2256 haben
1196 2210 1306 2259 einen
1331 2212 1653 2263 Wohlimkchen

241 2285 476 2334 Edelmann
490 2288 563 2334 mit
581 2306 656 2334 uns
665 2287 838 2353 gehabss
873 2290 1314 2360 Woz'nuslcygenannt
1323 2313 1341 2349 ;
1360 2287 1568 2344 denselben
1583 2288 1656 2345 hat

247 2386 322 2416 uns
341 2368 415 2416 der
428 2368 615 2416 Starosta
631 2370 996 2434 azgssDremblowa
1005 2373 1078 2420 mit
1087 2374 1325 2440 zugegeben,
1345 2385 1417 2423 etc.
1433 2377 1584 2427 Dieser
1591 2379 1658 2427 be-

243 2449 355 2496 redet
371 2468 492 2498 unser
507 2450 661 2507 etliche,
679 2450 774 2499 dass
792 2453 867 2501 wir
881 2454 1014 2502 wezi‘er
1023 2455 1095 2502 mit
1105 2455 1186 2503 ihm
1202 2475 1323 2522 zogen
1332 2496 1344 2512 ‚
1356 2457 1465 2506 darm
1481 2478 1527 2508 er
1542 2462 1658 2511 walle

245 2550 320 2580 uns
333 2531 408 2578 das
418 2533 667 2599 warhaffll'ge
674 2534 790 2581 Grab
802 2534 873 2582 des
886 2535 1035 2583 Ovidii
1046 2537 1191 2602 zetgen.
1207 2538 1456 2605 Derowegen
1467 2542 1532 2589 als
1540 2561 1660 2592 unser

242 2613 385 2662 etlicke
403 2613 485 2661 ihm
502 2616 704 2682 zufhlgen
724 2617 912 2683 willzgrten
922 2657 935 2673 ,
957 2618 1031 2666 hot
1047 2637 1094 2667 er
1107 2639 1182 2667 uns
1193 2620 1464 2685 auffleichten
1477 2623 1653 2688 Issrden

245 2694 315 2742 des
336 2694 513 2743 sechsten
538 2697 653 2759 Tags
673 2716 754 2745 von
777 2699 1048 2764 Borysthene
1071 2700 1198 2748 durch
1237 2701 1355 2750 ’einen
1381 2703 1653 2769 ungebahnten
