1794 3100
287 255 367 310 144
701 258 751 301 Ρ.
793 258 1028 333 ovlou
1062 256 1237 303 VITA

278 348 439 414 prodit,
459 347 516 395 V
506 348 634 396 arium
645 359 686 396 et
705 349 882 397 Tuccam
903 362 1055 417 poetas
1074 351 1268 401 illustres
1282 352 1414 402 fuisse
1426 391 1438 412 ‚
1454 355 1700 420 quiAEaea·

281 427 377 474 dum
394 437 538 491 postca
560 426 683 474 libros
707 426 970 476 emendarunt
990 429 1064 477 sub
1091 448 1139 479 ea
1160 429 1267 494 lege,
1297 441 1342 478 ut
1367 430 1474 479 nihil
1489 433 1695 483 adderent.

278 503 406 550 Unde
428 503 493 551 fas
517 501 722 565 colligere
737 541 747 558 ‚
772 504 986 552 AEneidos
1012 523 1180 552 carmen
1206 505 1324 554 haud
1352 519 1451 555 ante
1469 508 1590 557 hunc
1619 529 1699 558 an-

278 599 382 627 num
397 579 634 633 emendari,
650 598 728 627 nec
742 580 927 646 proinde
941 581 988 628 in
1001 581 1141 630 lucem
1154 583 1328 648 prodire
1344 584 1558 649 potuisse.
1576 587 1698 649 Qua—

280 668 462 722 propter
476 674 616 721 neque
632 655 759 704 citius
775 676 823 705 ea
839 658 1028 706 Nasonis
1047 658 1198 721 Elegia
1210 658 1341 707 fuerit
1355 673 1523 710 exarata
1534 699 1546 720 ‚
1564 681 1700 728 quum

277 735 416 783 adhuc
442 737 543 782 aetas
567 746 706 801 poetae
729 746 906 783 strenua
931 736 1070 794 foret,
1095 756 1203 785 vers.
1228 738 1256 785 3
1278 758 1287 785 :
1421 745 1425 749 ’

497 833 578 868 Non
596 847 652 868 me
668 846 766 868 more
786 841 923 879 patrum
936 861 945 878 ,
967 835 1051 869 dum
1067 844 1201 870 strenua
1216 833 1364 871 sustinet
1379 843 1462 871 aetas
1473 864 1481 878 ,

544 895 692 929 Praemia
711 894 842 929 militiae
857 894 1095 939 pulverulenta
1110 897 1206 941 sequi
1222 897 1237 930 ?

343 975 401 1022 II.
429 973 566 1037 Quod
588 973 754 1020 ibidem
775 992 879 1020 mox
899 973 1056 1031 habet,
1082 993 1190 1022 vers.
1220 974 1247 1020 5
1273 987 1316 1023 et
1339 973 1368 1021 6
1389 994 1399 1022 :

496 1072 569 1106 Nec
585 1084 643 1105 me
660 1071 818 1105 verbosas
835 1074 925 1115 leges
940 1074 1086 1106 ediscere
1099 1074 1119 1108 ?
1134 1085 1199 1107 nec
1216 1085 1272 1107 me

536 1132 678 1178 Ingrato
694 1145 807 1166 vocem
822 1131 1035 1176 prostituisse
1053 1134 1165 1169 Foro?

277 1212 408 1260 Ultro
431 1231 513 1260 nos
539 1210 658 1259 ducit
675 1210 728 1258 ad
749 1209 848 1258 illos
863 1211 935 1258 hic
954 1211 1260 1270 revincendos,
1288 1212 1364 1279 qui
1380 1212 1578 1261 arbitrati
1594 1223 1698 1260 sunt

279 1287 487 1336 Ovidium
513 1286 647 1335 fuisse
674 1285 956 1342 Causidicum,
988 1288 1151 1353 quique
1178 1287 1244 1336 vel
1268 1288 1373 1335 hinc
1394 1287 1613 1346 manifesti
1631 1305 1696 1335 er-

276 1366 404 1413 roris
423 1376 678 1428 arguuntur.
716 1364 885 1410 Eorum
909 1382 1063 1425 agmen
1088 1363 1210 1411 ducit
1238 1363 1518 1412 doctissimus
1552 1362 1698 1422 Aldus

277 1442 513 1497 Manutius,
539 1440 701 1488 claudit
723 1459 823 1487 vero
851 1439 999 1487 Petrus
1021 1441 1221 1497 BAYLE‚‘
1236 1440 1384 1488 eodem
1400 1439 1496 1489 loco
1512 1438 1695 1507 'uterque

277 1519 488 1575 abutens,
514 1517 650 1565 Trist.
679 1516 756 1564 lib.
781 1518 852 1574 lI·‚
875 1535 982 1564 vers.
1008 1516 1070 1581 93
1091 1536 1100 1564 :

491 1617 563 1650 Nec
579 1615 668 1649 male
686 1615 867 1650 commissa
883 1622 934 1649 est
949 1614 1049 1649 nobis
1065 1613 1206 1649 fortuna
1223 1627 1364 1648 reorum
1378 1641 1386 1657 ,

545 1677 664 1720 Usque
683 1678 696 1696 ¹·
710 1678 821 1709 decem
835 1677 946 1709 decies
960 1674 1174 1719 inspicienda
1192 1678 1273 1709 viris
1282 1687 1295 1716 ;

276 1757 356 1816 ubi
379 1767 523 1804 tamen
547 1753 659 1801 clare
681 1755 799 1802 Naso
831 1752 1071 1815 significat,
1096 1771 1140 1800 se
1165 1771 1215 1799 ex
1239 1753 1516 1800 centumviris
1534 1753 1696 1817 judiei-

274 1835 361 1882 bus
377 1833 531 1888 fuisse‚
553 1829 922 1897 quemadmodum
946 1841 1055 1877 etex
1074 1830 1220 1877 Ponto
1236 1867 1247 1886 ‚
1267 1829 1343 1877 lib.
1367 1831 1460 1888 ΙΙΙ,
1484 1831 1623 1896 Epist.
1647 1843 1694 1888 V,

275 1909 328 1957 ad
357 1909 534 1956 Cottam
551 1945 563 1964 ‚
588 1925 695 1954 vers.
725 1923 748 1970 7
764 1941 775 1962 ,
802 1916 894 1952 etc.-

492 1993 668 2036 Legimus,
687 2004 707 2025 o
724 1991 877 2037 juvenis,
895 1990 996 2035 patrii
1013 2003 1083 2024 non
1101 1990 1254 2035 degener
1269 1991 1336 2026 oris
1349 2018 1358 2035 ,

532 2054 639 2087 Dicta
653 2052 714 2086 tibi
736 2051 839 2097 pleno
853 2053 955 2084 verba
969 2050 1096 2084 diserta
1110 2053 1195 2085 Foro
1211 2059 1275 2087 etc.

453 2130 455 2133 ·
488 2113 536 2147 At
551 2111 616 2147 nisi
635 2124 843 2157 peccassem.
857 2136 885 2145 ..
935 2141 943 2153 ,,

534 2173 643 2217 Quod
659 2172 745 2218 legi,
766 2179 823 2206 tua
840 2185 903 2206 vox
919 2172 1125 2218 exhibuisset
1141 2185 1226 2218 opus
1240 2185 1247 2207 :

490 2233 611 2278 thue
629 2232 681 2267 fui
697 2233 815 2267 solitus
828 2260 838 2276 ,
863 2233 1025 2268 sedissem
1042 2233 1184 2269 forsitan
1199 2247 1286 2268 unus

532 2293 587 2327 De
605 2300 733 2327 centum
737 2293 850 2336 judex
867 2293 901 2327 in
921 2300 978 2328 tua
999 2294 1103 2328 verba
1118 2297 1212 2328 υίηὶς.

275 2394 325 2423 ex
350 2373 512 2439 quibus
534 2369 663 2419 simul
687 2368 857 2418 collatis
881 2369 976 2418 luce
1008 2370 1241 2419 meridiana
1268 2370 1426 2419 clarius
1454 2384 1544 2430 est,
1578 2374 1688 2421 Ovi-

318 2476 329 2494 ²
355 2473 457 2507 Hanc
474 2483 594 2506 vocem
610 2468 771 2504 frivolam
786 2468 852 2504 hoc
869 2470 942 2504 loco
959 2469 1132 2514 judicabat
1153 2469 1206 2504 Cl.
1225 2469 1299 2505 Nic.
1318 2470 1484 2505 Heinsius
1495 2498 1505 2515 ‚
1530 2471 1686 2518 adeoque

274 2528 427 2573 legebat,
450 2529 577 2570 lisque,
603 2533 642 2560 ut
661 2525 720 2570 qui
745 2532 882 2569 putaret
895 2552 904 2567 ,
928 2529 1145 2568 centumviros
1165 2528 1281 2559 lt‘libus
1290 2526 1493 2569 judicandis
1507 2526 1688 2573 designari.

275 2582 459 2627 ingeniosa
485 2581 627 2626 quidem
642 2588 693 2615 est
707 2580 934 2621 emendatio;
962 2580 1020 2614 sed
1046 2582 1235 2620 decemviri,
1261 2593 1333 2614 non
1361 2588 1476 2615 autem
1499 2586 1693 2617 centumuiri

275 2637 479 2672 dicebantur
493 2639 606 2670 litibus
614 2637 839 2680 judlcaadis5
859 2648 1048 2680 omnesque
1074 2635 1206 2669 codices
1230 2648 1332 2681 usque
1347 2636 1486 2680 ferunt,
1510 2637 1575 2671 nisi
1592 2637 1686 2682 quod

275 2693 346 2726 duo
358 2700 471 2736 utque,
492 2704 581 2726 unus
597 2695 716 2735 vixque
731 2691 890 2726 habeant.
916 2693 988 2726 Nec
1009 2692 1112 2726 etiam
1134 2703 1197 2724 vox
1210 2691 1266 2726 illa
1287 2706 1389 2738 usque
1403 2694 1510 2728 otiosa
1525 2692 1662 2728 videtur
1674 2718 1683 2735 ,

276 2761 387 2792 quum
410 2747 488 2782 satis
510 2755 586 2791 apte
609 2760 798 2782 numerum
822 2748 1001 2783 antecedat
1023 2755 1220 2783 centenum.
