<?xml version="1.0" encoding="UTF-8"?>
<!DOCTYPE html PUBLIC "-//W3C//DTD XHTML 1.0 Transitional//EN"
    "http://www.w3.org/TR/xhtml1/DTD/xhtml1-transitional.dtd">
<html xmlns="http://www.w3.org/1999/xhtml" xml:lang="en" lang="en">
 <head>
  <title>
</title>
<meta http-equiv="Content-Type" content="text/html;charset=utf-8" />
  <meta name='ocr-system' content='tesseract 3.04.00' />
  <meta name='ocr-capabilities' content='ocr_page ocr_carea ocr_par ocr_line ocrx_word'/>
</head>
<body>
  <div class='ocr_page' id='page_1' title='image "./quaeextantomniao08oviduoft_0411.png"; bbox 0 0 1794 3100; ppageno 0'>
   <div class='ocr_carea' id='block_1_1' title="bbox 446 246 1551 304">
    <p class='ocr_par' dir='ltr' id='par_1_1' title="bbox 446 246 1551 304">
     <span class='ocr_line' id='line_1_1' title="bbox 446 246 1551 304; baseline 0.001 -12"><span class='ocrx_word' id='word_1_1' title='bbox 446 247 536 292; x_wconf 86' lang='lat' dir='ltr'>DE</span> <span class='ocrx_word' id='word_1_2' title='bbox 567 248 619 291; x_wconf 88' lang='lat' dir='ltr'>P.</span> <span class='ocrx_word' id='word_1_3' title='bbox 657 247 914 292; x_wconf 78' lang='lat' dir='ltr'>ovlmo</span> <span class='ocrx_word' id='word_1_4' title='bbox 944 246 1244 292; x_wconf 84' lang='lat' dir='ltr'>NASONE.</span> <span class='ocrx_word' id='word_1_5' title='bbox 1471 248 1551 304; x_wconf 74' lang='lat'>401</span> 
     </span>
    </p>
   </div>
   <div class='ocr_carea' id='block_1_2' title="bbox 90 317 1596 2846">
    <p class='ocr_par' dir='ltr' id='par_1_2' title="bbox 125 317 1582 1182">
     <span class='ocr_line' id='line_1_2' title="bbox 135 317 1565 380; baseline -0.001 -7"><span class='ocrx_word' id='word_1_6' title='bbox 135 352 157 373; x_wconf 72' lang='grc' dir='ltr'><strong>α</strong></span> <span class='ocrx_word' id='word_1_7' title='bbox 174 330 301 377; x_wconf 75' lang='lat' dir='ltr'>Publii</span> <span class='ocrx_word' id='word_1_8' title='bbox 319 329 452 371; x_wconf 81' lang='lat' dir='ltr'>Ovidii</span> <span class='ocrx_word' id='word_1_9' title='bbox 476 329 643 370; x_wconf 85' lang='lat' dir='ltr'>Nasonis</span> <span class='ocrx_word' id='word_1_10' title='bbox 664 329 1021 380; x_wconf 84' lang='lat' dir='ltr'>Metamorphoseos</span> <span class='ocrx_word' id='word_1_11' title='bbox 1042 327 1137 368; x_wconf 89' lang='lat' dir='ltr'>liber</span> <span class='ocrx_word' id='word_1_12' title='bbox 1157 343 1231 368; x_wconf 87' lang='lat' dir='ltr'>una</span> <span class='ocrx_word' id='word_1_13' title='bbox 1250 317 1337 368; x_wconf 78' lang='lat' dir='ltr'>cum</span> <span class='ocrx_word' id='word_1_14' title='bbox 1352 332 1565 372; x_wconf 87' lang='lat' dir='ltr'>enarratio-</span> 
     </span>
     <span class='ocr_line' id='line_1_3' title="bbox 132 385 1570 452; baseline -0.001 -13"><span class='ocrx_word' id='word_1_15' title='bbox 132 397 246 452; x_wconf 66' lang='lat' dir='ltr'>nibus</span> <span class='ocrx_word' id='word_1_16' title='bbox 267 385 469 449; x_wconf 72' lang='lat' dir='ltr'>Rapbaelis</span> <span class='ocrx_word' id='word_1_17' title='bbox 490 394 607 450; x_wconf 80' lang='lat' dir='ltr'>Regii</span> <span class='ocrx_word' id='word_1_18' title='bbox 628 395 845 449; x_wconf 84' lang='lat' dir='ltr'>duplicique</span> <span class='ocrx_word' id='word_1_19' title='bbox 870 394 1098 446; x_wconf 83' lang='lat' dir='ltr'>repertorio.</span> <span class='ocrx_word' id='word_1_20' title='bbox 1120 386 1328 449; x_wconf 80' lang='lat' dir='ltr'>Lugduni,</span> <span class='ocrx_word' id='word_1_21' title='bbox 1360 395 1570 447; x_wconf 66' lang='lat' dir='ltr'>‚impressus</span> 
     </span>
     <span class='ocr_line' id='line_1_4' title="bbox 132 462 1572 521; baseline -0.001 -14"><span class='ocrx_word' id='word_1_22' title='bbox 132 480 200 519; x_wconf 83' lang='lat' dir='ltr'>per</span> <span class='ocrx_word' id='word_1_23' title='bbox 214 465 436 521; x_wconf 78' lang='lat' dir='ltr'>magistrum</span> <span class='ocrx_word' id='word_1_24' title='bbox 458 463 666 504; x_wconf 81' lang='lat' dir='ltr'>Nicolaum</span> <span class='ocrx_word' id='word_1_25' title='bbox 684 462 825 504; x_wconf 84' lang='lat' dir='ltr'>Wolff</span> <span class='ocrx_word' id='word_1_26' title='bbox 842 463 889 502; x_wconf 87' lang='lat' dir='ltr'>de</span> <span class='ocrx_word' id='word_1_27' title='bbox 915 462 1150 502; x_wconf 82' lang='lat' dir='ltr'>Alemannia.</span> <span class='ocrx_word' id='word_1_28' title='bbox 1173 462 1247 502; x_wconf 89' lang='lat' dir='ltr'>Die</span> <span class='ocrx_word' id='word_1_29' title='bbox 1269 473 1373 502; x_wconf 69' lang='lat' dir='ltr'>xxm</span> <span class='ocrx_word' id='word_1_30' title='bbox 1397 465 1572 506; x_wconf 86' lang='lat' dir='ltr'>Novem—</span> 
     </span>
     <span class='ocr_line' id='line_1_5' title="bbox 133 528 1574 584; baseline -0.002 -11"><span class='ocrx_word' id='word_1_31' title='bbox 133 531 237 582; x_wconf 68' lang='lat' dir='ltr'>bris,</span> <span class='ocrx_word' id='word_1_32' title='bbox 255 546 364 573; x_wconf 43' lang='lat' dir='ltr'>‘anno</span> <span class='ocrx_word' id='word_1_33' title='bbox 381 529 546 571; x_wconf 87' lang='lat' dir='ltr'>Domini</span> <span class='ocrx_word' id='word_1_34' title='bbox 568 531 624 569; x_wconf 90' lang='lat' dir='ltr'>M.</span> <span class='ocrx_word' id='word_1_35' title='bbox 643 529 966 584; x_wconf 84' lang='lat' dir='ltr'>Quingentesimo</span> <span class='ocrx_word' id='word_1_36' title='bbox 994 530 1133 580; x_wconf 90' lang='lat' dir='ltr'>primo.</span> <span class='ocrx_word' id='word_1_37' title='bbox 1159 547 1179 565; x_wconf 89' lang='lat'>»</span> <span class='ocrx_word' id='word_1_38' title='bbox 1199 528 1325 576; x_wconf 68' lang='grc' dir='ltr'><strong>ιιι-40.</strong></span> <span class='ocrx_word' id='word_1_39' title='bbox 1340 551 1395 563; x_wconf 88' lang='lat'>·-</span> <span class='ocrx_word' id='word_1_40' title='bbox 1407 531 1574 570; x_wconf 86' lang='lat' dir='ltr'>Rarissi-</span> 
     </span>
     <span class='ocr_line' id='line_1_6' title="bbox 132 595 1573 651; baseline -0.002 -10"><span class='ocrx_word' id='word_1_41' title='bbox 132 613 202 641; x_wconf 80' lang='lat' dir='ltr'>ma·</span> <span class='ocrx_word' id='word_1_42' title='bbox 219 598 337 641; x_wconf 83' lang='lat' dir='ltr'>editio</span> <span class='ocrx_word' id='word_1_43' title='bbox 353 627 367 647; x_wconf 89' lang='lat'>‚</span> <span class='ocrx_word' id='word_1_44' title='bbox 403 596 525 636; x_wconf 88' lang='lat' dir='ltr'>literis</span> <span class='ocrx_word' id='word_1_45' title='bbox 555 595 723 651; x_wconf 83' lang='lat' dir='ltr'>gothicis</span> <span class='ocrx_word' id='word_1_46' title='bbox 756 595 960 636; x_wconf 87' lang='lat' dir='ltr'>luculentis</span> <span class='ocrx_word' id='word_1_47' title='bbox 998 595 1190 646; x_wconf 88' lang='lat' dir='ltr'>impressa.</span> <span class='ocrx_word' id='word_1_48' title='bbox 1221 595 1455 651; x_wconf 82' lang='lat' dir='ltr'>Diligentius</span> <span class='ocrx_word' id='word_1_49' title='bbox 1493 612 1573 638; x_wconf 89' lang='lat' dir='ltr'>eam</span> 
     </span>
     <span class='ocr_line' id='line_1_7' title="bbox 134 655 1310 721; baseline -0.003 -15"><span class='ocrx_word' id='word_1_50' title='bbox 134 655 336 719; x_wconf 78' lang='lat' dir='ltr'>descripsit</span> <span class='ocrx_word' id='word_1_51' title='bbox 352 667 525 721; x_wconf 80' lang='lat' dir='ltr'>Freytag.</span> <span class='ocrx_word' id='word_1_52' title='bbox 562 663 665 715; x_wconf 87' lang='lat' dir='ltr'>App.</span> <span class='ocrx_word' id='word_1_53' title='bbox 683 663 800 703; x_wconf 83' lang='lat' dir='ltr'>litter.</span> <span class='ocrx_word' id='word_1_54' title='bbox 818 671 914 705; x_wconf 87' lang='lat' dir='ltr'>tom.</span> <span class='ocrx_word' id='word_1_55' title='bbox 939 663 959 700; x_wconf 94' lang='lat' dir='ltr'>I</span> <span class='ocrx_word' id='word_1_56' title='bbox 975 691 987 711; x_wconf 77' lang='lat'><em>‚</em></span> <span class='ocrx_word' id='word_1_57' title='bbox 1019 677 1104 717; x_wconf 85' lang='lat' dir='ltr'>pag.</span> <span class='ocrx_word' id='word_1_58' title='bbox 1127 661 1208 717; x_wconf 71' lang='lat'>479</span> <span class='ocrx_word' id='word_1_59' title='bbox 1231 677 1310 717; x_wconf 89' lang='lat' dir='ltr'>seq.</span> 
     </span>
     <span class='ocr_line' id='line_1_8' title="bbox 136 728 1573 783; baseline -0.001 -12"><span class='ocrx_word' id='word_1_60' title='bbox 136 769 138 771; x_wconf 87' lang='lat'>.</span> <span class='ocrx_word' id='word_1_61' title='bbox 188 733 256 774; x_wconf 78' lang='lat' dir='ltr'>Ad</span> <span class='ocrx_word' id='word_1_62' title='bbox 267 733 363 773; x_wconf 86' lang='lat' dir='ltr'>banc</span> <span class='ocrx_word' id='word_1_63' title='bbox 372 739 520 773; x_wconf 80' lang='lat' dir='ltr'>aetatem</span> <span class='ocrx_word' id='word_1_64' title='bbox 528 745 647 783; x_wconf 86' lang='lat' dir='ltr'>porro</span> <span class='ocrx_word' id='word_1_65' title='bbox 654 730 851 781; x_wconf 83' lang='lat' dir='ltr'>pertinent</span> <span class='ocrx_word' id='word_1_66' title='bbox 860 728 1047 768; x_wconf 85' lang='lat' dir='ltr'>editiones</span> <span class='ocrx_word' id='word_1_67' title='bbox 1060 737 1260 783; x_wconf 79' lang='lat' dir='ltr'>sequentes</span> <span class='ocrx_word' id='word_1_68' title='bbox 1274 729 1354 770; x_wconf 87' lang='lat' dir='ltr'>sine</span> <span class='ocrx_word' id='word_1_69' title='bbox 1366 730 1456 770; x_wconf 89' lang='lat' dir='ltr'>anni</span> <span class='ocrx_word' id='word_1_70' title='bbox 1468 740 1573 772; x_wconf 79' lang='lat' dir='ltr'>nota.</span> 
     </span>
     <span class='ocr_line' id='line_1_9' title="bbox 188 791 1576 852; baseline -0.001 -13"><span class='ocrx_word' id='word_1_71' title='bbox 188 799 331 850; x_wconf 76' lang='lat' dir='ltr'>opera.</span> <span class='ocrx_word' id='word_1_72' title='bbox 354 791 403 838; x_wconf 84' lang='lat' dir='ltr'>In</span> <span class='ocrx_word' id='word_1_73' title='bbox 423 798 500 838; x_wconf 84' lang='lat' dir='ltr'>fine</span> <span class='ocrx_word' id='word_1_74' title='bbox 524 812 535 836; x_wconf 70' lang='grc' dir='ltr'>ι</span> <span class='ocrx_word' id='word_1_75' title='bbox 564 814 585 832; x_wconf 85' lang='grc' dir='ltr'><strong>α</strong></span> <span class='ocrx_word' id='word_1_76' title='bbox 606 797 651 836; x_wconf 87' lang='grc' dir='ltr'>Ρ.</span> <span class='ocrx_word' id='word_1_77' title='bbox 676 795 810 838; x_wconf 74' lang='lat' dir='ltr'>Ovidii</span> <span class='ocrx_word' id='word_1_78' title='bbox 842 795 1012 849; x_wconf 85' lang='lat' dir='ltr'>Nasonis</span> <span class='ocrx_word' id='word_1_79' title='bbox 1046 809 1160 846; x_wconf 81' lang='lat' dir='ltr'>opera</span> <span class='ocrx_word' id='word_1_80' title='bbox 1190 796 1342 846; x_wconf 81' lang='lat' dir='ltr'>omnia,</span> <span class='ocrx_word' id='word_1_81' title='bbox 1373 797 1576 852; x_wconf 80' lang='lat' dir='ltr'>diligenter</span> 
     </span>
     <span class='ocr_line' id='line_1_10' title="bbox 136 861 1577 918; baseline -0.002 -12"><span class='ocrx_word' id='word_1_82' title='bbox 136 865 331 906; x_wconf 86' lang='lat' dir='ltr'>emendata</span> <span class='ocrx_word' id='word_1_83' title='bbox 347 893 360 914; x_wconf 84' lang='grc'>.,</span> <span class='ocrx_word' id='word_1_84' title='bbox 394 863 593 905; x_wconf 85' lang='lat' dir='ltr'>Antonius</span> <span class='ocrx_word' id='word_1_85' title='bbox 621 865 783 903; x_wconf 85' lang='lat' dir='ltr'>Zarotus</span> <span class='ocrx_word' id='word_1_86' title='bbox 812 861 1027 901; x_wconf 86' lang='lat' dir='ltr'>Parmensis</span> <span class='ocrx_word' id='word_1_87' title='bbox 1057 861 1104 900; x_wconf 89' lang='lat' dir='ltr'>ad</span> <span class='ocrx_word' id='word_1_88' title='bbox 1136 861 1337 901; x_wconf 84' lang='lat' dir='ltr'>utilitatem</span> <span class='ocrx_word' id='word_1_89' title='bbox 1367 864 1547 918; x_wconf 87' lang='lat' dir='ltr'>juvenum</span> <span class='ocrx_word' id='word_1_90' title='bbox 1565 896 1577 915; x_wconf 85' lang='lat'><strong>‚</strong></span> 
     </span>
     <span class='ocr_line' id='line_1_11' title="bbox 137 925 1577 982; baseline -0.001 -10"><span class='ocrx_word' id='word_1_91' title='bbox 137 945 211 973; x_wconf 87' lang='lat' dir='ltr'>nec</span> <span class='ocrx_word' id='word_1_92' title='bbox 242 944 326 972; x_wconf 87' lang='lat' dir='ltr'>non</span> <span class='ocrx_word' id='word_1_93' title='bbox 353 925 393 970; x_wconf 78' lang='lat' dir='ltr'>et</span> <span class='ocrx_word' id='word_1_94' title='bbox 420 936 668 981; x_wconf 84' lang='lat' dir='ltr'>posterorum</span> <span class='ocrx_word' id='word_1_95' title='bbox 702 926 905 979; x_wconf 84' lang='lat' dir='ltr'>impressit.</span> <span class='ocrx_word' id='word_1_96' title='bbox 931 944 952 963; x_wconf 68' lang='lat' dir='ltr'>a</span> <span class='ocrx_word' id='word_1_97' title='bbox 984 927 1129 982; x_wconf 81' lang='lat' dir='ltr'>(Ergo</span> <span class='ocrx_word' id='word_1_98' title='bbox 1154 927 1411 980; x_wconf 83' lang='lat' dir='ltr'>Mediolani.)</span> <span class='ocrx_word' id='word_1_99' title='bbox 1442 930 1577 970; x_wconf 78' lang='lat' dir='ltr'>in-sol,</span> 
     </span>
     <span class='ocr_line' id='line_1_12' title="bbox 137 993 781 1051; baseline -0.008 -13"><span class='ocrx_word' id='word_1_100' title='bbox 137 1019 194 1030; x_wconf 90' lang='lat'>-—</span> <span class='ocrx_word' id='word_1_101' title='bbox 211 998 353 1038; x_wconf 83' lang='lat' dir='ltr'>Panzer</span> <span class='ocrx_word' id='word_1_102' title='bbox 371 1025 385 1046; x_wconf 88' lang='lat'>,</span> <span class='ocrx_word' id='word_1_103' title='bbox 406 1004 503 1037; x_wconf 82' lang='lat' dir='ltr'>tom.</span> <span class='ocrx_word' id='word_1_104' title='bbox 519 996 585 1044; x_wconf 86' lang='grc' dir='ltr'>ΙΙ,</span> <span class='ocrx_word' id='word_1_105' title='bbox 608 1009 694 1051; x_wconf 83' lang='lat' dir='ltr'>pag.</span> <span class='ocrx_word' id='word_1_106' title='bbox 715 993 781 1050; x_wconf 71' lang='grc'>94.</span> 
     </span>
     <span class='ocr_line' id='line_1_13' title="bbox 140 1057 1582 1115; baseline -0.001 -12"><span class='ocrx_word' id='word_1_107' title='bbox 140 1109 142 1111; x_wconf 46' lang='grc'><strong>,</strong></span> <span class='ocrx_word' id='word_1_108' title='bbox 184 1061 384 1114; x_wconf 82' lang='lat' dir='ltr'>·Ep.istolae</span> <span class='ocrx_word' id='word_1_109' title='bbox 417 1075 503 1101; x_wconf 90' lang='lat' dir='ltr'>cum</span> <span class='ocrx_word' id='word_1_110' title='bbox 527 1059 680 1100; x_wconf 88' lang='lat' dir='ltr'>duobus</span> <span class='ocrx_word' id='word_1_111' title='bbox 703 1059 944 1100; x_wconf 86' lang='lat' dir='ltr'>commentis.</span> <span class='ocrx_word' id='word_1_112' title='bbox 971 1057 1099 1099; x_wconf 86' lang='lat' dir='ltr'>in-fol.</span> <span class='ocrx_word' id='word_1_113' title='bbox 1124 1074 1154 1098; x_wconf 90' lang='lat' dir='ltr'>s.</span> <span class='ocrx_word' id='word_1_114' title='bbox 1175 1072 1207 1098; x_wconf 89' lang='lat' dir='ltr'>a.</span> <span class='ocrx_word' id='word_1_115' title='bbox 1230 1058 1256 1097; x_wconf 90' lang='lat' dir='ltr'>l.</span> <span class='ocrx_word' id='word_1_116' title='bbox 1280 1066 1319 1098; x_wconf 91' lang='lat' dir='ltr'>et</span> <span class='ocrx_word' id='word_1_117' title='bbox 1343 1067 1496 1115; x_wconf 86' lang='lat' dir='ltr'>typogr.</span> <span class='ocrx_word' id='word_1_118' title='bbox 1527 1085 1582 1093; x_wconf 89' lang='lat'>—</span> 
     </span>
     <span class='ocr_line' id='line_1_14' title="bbox 125 1129 741 1182; baseline -0.01 -12"><span class='ocrx_word' id='word_1_119' title='bbox 125 1130 303 1182; x_wconf 18' lang='lat' dir='ltr'>*Pamen</span> <span class='ocrx_word' id='word_1_120' title='bbox 320 1135 416 1169; x_wconf 84' lang='lat' dir='ltr'>tom.</span> <span class='ocrx_word' id='word_1_121' title='bbox 438 1129 519 1178; x_wconf 86' lang='lat' dir='ltr'>IV,</span> <span class='ocrx_word' id='word_1_122' title='bbox 541 1141 626 1182; x_wconf 84' lang='lat' dir='ltr'>pag.</span> <span class='ocrx_word' id='word_1_123' title='bbox 653 1140 741 1180; x_wconf 90' lang='lat'>170.</span> 
     </span>
    </p>

    <p class='ocr_par' dir='ltr' id='par_1_3' title="bbox 197 1192 1545 1249">
     <span class='ocr_line' id='line_1_15' title="bbox 197 1192 1545 1249; baseline 0 -13"><span class='ocrx_word' id='word_1_124' title='bbox 197 1194 389 1249; x_wconf 72' lang='lat' dir='ltr'>Heroides</span> <span class='ocrx_word' id='word_1_125' title='bbox 413 1202 452 1235; x_wconf 89' lang='lat' dir='ltr'>et</span> <span class='ocrx_word' id='word_1_126' title='bbox 473 1195 515 1234; x_wconf 93' lang='lat' dir='ltr'>in</span> <span class='ocrx_word' id='word_1_127' title='bbox 536 1193 640 1234; x_wconf 88' lang='lat' dir='ltr'>Ibin.</span> <span class='ocrx_word' id='word_1_128' title='bbox 660 1192 798 1233; x_wconf 79' lang='lat' dir='ltr'>in-fol.</span> <span class='ocrx_word' id='word_1_129' title='bbox 821 1208 851 1232; x_wconf 91' lang='lat' dir='ltr'>s.</span> <span class='ocrx_word' id='word_1_130' title='bbox 874 1206 907 1232; x_wconf 88' lang='lat' dir='ltr'>a.</span> <span class='ocrx_word' id='word_1_131' title='bbox 930 1192 956 1231; x_wconf 93' lang='lat' dir='ltr'>l.</span> <span class='ocrx_word' id='word_1_132' title='bbox 979 1200 1018 1231; x_wconf 91' lang='lat' dir='ltr'>et</span> <span class='ocrx_word' id='word_1_133' title='bbox 1040 1200 1192 1247; x_wconf 83' lang='lat' dir='ltr'>typogr.</span> <span class='ocrx_word' id='word_1_134' title='bbox 1209 1193 1435 1243; x_wconf 88' lang='lat' dir='ltr'>-Panzer‚</span> <span class='ocrx_word' id='word_1_135' title='bbox 1450 1193 1545 1236; x_wconf 89' lang='lat' dir='ltr'>ibid.</span> 
     </span>
    </p>

    <p class='ocr_par' dir='ltr' id='par_1_4' title="bbox 90 1258 1589 1649">
     <span class='ocr_line' id='line_1_16' title="bbox 163 1258 1584 1315; baseline -0.002 -10"><span class='ocrx_word' id='word_1_136' title='bbox 163 1273 168 1278; x_wconf 83' lang='lat'><strong><em>&#39;</em></strong></span> <span class='ocrx_word' id='word_1_137' title='bbox 197 1262 417 1305; x_wconf 84' lang='lat' dir='ltr'>Heroidum</span> <span class='ocrx_word' id='word_1_138' title='bbox 429 1260 689 1313; x_wconf 84' lang='lat' dir='ltr'>Epistolarum</span> <span class='ocrx_word' id='word_1_139' title='bbox 711 1259 806 1299; x_wconf 88' lang='lat' dir='ltr'>liber</span> <span class='ocrx_word' id='word_1_140' title='bbox 823 1259 959 1298; x_wconf 89' lang='lat' dir='ltr'>unicus</span> <span class='ocrx_word' id='word_1_141' title='bbox 973 1288 985 1308; x_wconf 84' lang='lat'>‚</span> <span class='ocrx_word' id='word_1_142' title='bbox 1010 1258 1156 1315; x_wconf 82' lang='lat' dir='ltr'>Elegiae</span> <span class='ocrx_word' id='word_1_143' title='bbox 1179 1260 1257 1299; x_wconf 90' lang='lat' dir='ltr'>sive</span> <span class='ocrx_word' id='word_1_144' title='bbox 1281 1259 1446 1300; x_wconf 90' lang='lat' dir='ltr'>Amores</span> <span class='ocrx_word' id='word_1_145' title='bbox 1465 1261 1584 1311; x_wconf 68' lang='lat' dir='ltr'>‚libri</span> 
     </span>
     <span class='ocr_line' id='line_1_17' title="bbox 144 1324 1587 1378; baseline -0.001 -9"><span class='ocrx_word' id='word_1_146' title='bbox 144 1329 194 1370; x_wconf 83' lang='lat' dir='ltr'>de</span> <span class='ocrx_word' id='word_1_147' title='bbox 213 1329 312 1370; x_wconf 79' lang='lat' dir='ltr'>Arte</span> <span class='ocrx_word' id='word_1_148' title='bbox 338 1327 527 1377; x_wconf 74' lang='lat' dir='ltr'>Amanffi,</span> <span class='ocrx_word' id='word_1_149' title='bbox 554 1327 600 1366; x_wconf 87' lang='lat' dir='ltr'>de</span> <span class='ocrx_word' id='word_1_150' title='bbox 621 1325 810 1366; x_wconf 85' lang='lat' dir='ltr'>Remedio</span> <span class='ocrx_word' id='word_1_151' title='bbox 834 1324 1016 1373; x_wconf 83' lang='lat' dir='ltr'>Amoris,</span> <span class='ocrx_word' id='word_1_152' title='bbox 1040 1324 1086 1363; x_wconf 90' lang='lat' dir='ltr'>de</span> <span class='ocrx_word' id='word_1_153' title='bbox 1105 1324 1300 1364; x_wconf 80' lang='lat' dir='ltr'>Tristibus</span> <span class='ocrx_word' id='word_1_154' title='bbox 1318 1354 1328 1375; x_wconf 87' lang='lat'>‚</span> <span class='ocrx_word' id='word_1_155' title='bbox 1355 1325 1402 1365; x_wconf 91' lang='lat' dir='ltr'>de</span> <span class='ocrx_word' id='word_1_156' title='bbox 1424 1327 1555 1368; x_wconf 91' lang='lat' dir='ltr'>Ponto</span> <span class='ocrx_word' id='word_1_157' title='bbox 1573 1358 1587 1378; x_wconf 87' lang='lat'>‚</span> 
     </span>
     <span class='ocr_line' id='line_1_18' title="bbox 144 1390 1588 1447; baseline -0.001 -12"><span class='ocrx_word' id='word_1_158' title='bbox 144 1393 386 1447; x_wconf 85' lang='lat' dir='ltr'>Opusculum</span> <span class='ocrx_word' id='word_1_159' title='bbox 405 1394 452 1434; x_wconf 85' lang='lat' dir='ltr'>de</span> <span class='ocrx_word' id='word_1_160' title='bbox 471 1393 607 1433; x_wconf 89' lang='lat' dir='ltr'>Pulice</span> <span class='ocrx_word' id='word_1_161' title='bbox 624 1422 636 1443; x_wconf 84' lang='lat'>‚</span> <span class='ocrx_word' id='word_1_162' title='bbox 659 1393 756 1432; x_wconf 89' lang='lat' dir='ltr'>liber</span> <span class='ocrx_word' id='word_1_163' title='bbox 776 1392 822 1431; x_wconf 87' lang='lat' dir='ltr'>de</span> <span class='ocrx_word' id='word_1_164' title='bbox 842 1390 1054 1432; x_wconf 89' lang='lat' dir='ltr'>Philomela</span> <span class='ocrx_word' id='word_1_165' title='bbox 1073 1421 1084 1441; x_wconf 88' lang='lat'>,</span> <span class='ocrx_word' id='word_1_166' title='bbox 1106 1391 1256 1431; x_wconf 89' lang='lat' dir='ltr'>libellus</span> <span class='ocrx_word' id='word_1_167' title='bbox 1277 1392 1323 1431; x_wconf 90' lang='lat' dir='ltr'>de</span> <span class='ocrx_word' id='word_1_168' title='bbox 1335 1393 1588 1434; x_wconf 87' lang='lat' dir='ltr'>Medicamine</span> 
     </span>
     <span class='ocr_line' id='line_1_19' title="bbox 143 1457 1589 1515; baseline -0.001 -13"><span class='ocrx_word' id='word_1_169' title='bbox 143 1461 281 1515; x_wconf 76' lang='lat' dir='ltr'>faciei,</span> <span class='ocrx_word' id='word_1_170' title='bbox 303 1461 351 1501; x_wconf 84' lang='lat' dir='ltr'>de</span> <span class='ocrx_word' id='word_1_171' title='bbox 373 1462 513 1510; x_wconf 89' lang='lat' dir='ltr'>Nuce,</span> <span class='ocrx_word' id='word_1_172' title='bbox 534 1459 624 1500; x_wconf 87' lang='lat' dir='ltr'>libri</span> <span class='ocrx_word' id='word_1_173' title='bbox 643 1461 874 1507; x_wconf 75' lang='lat' dir='ltr'>Fastorum,</span> <span class='ocrx_word' id='word_1_174' title='bbox 905 1457 1001 1497; x_wconf 88' lang='lat' dir='ltr'>liber</span> <span class='ocrx_word' id='word_1_175' title='bbox 1022 1458 1063 1496; x_wconf 90' lang='lat' dir='ltr'>in</span> <span class='ocrx_word' id='word_1_176' title='bbox 1087 1457 1202 1507; x_wconf 81' lang='lat' dir='ltr'>Ibin,</span> <span class='ocrx_word' id='word_1_177' title='bbox 1228 1466 1267 1497; x_wconf 90' lang='lat' dir='ltr'>et</span> <span class='ocrx_word' id='word_1_178' title='bbox 1289 1459 1518 1501; x_wconf 87' lang='lat' dir='ltr'>Consolatio</span> <span class='ocrx_word' id='word_1_179' title='bbox 1542 1462 1589 1500; x_wconf 88' lang='lat' dir='ltr'>ad</span> 
     </span>
     <span class='ocr_line' id='line_1_20' title="bbox 90 1524 1589 1582; baseline -0.001 -14"><span class='ocrx_word' id='word_1_180' title='bbox 90 1526 94 1529; x_wconf 61' lang='grc'><strong>’</strong></span> <span class='ocrx_word' id='word_1_181' title='bbox 146 1527 307 1568; x_wconf 80' lang='lat' dir='ltr'>Liviam.</span> <span class='ocrx_word' id='word_1_182' title='bbox 324 1529 384 1568; x_wconf 87' lang='lat' dir='ltr'>in·</span> <span class='ocrx_word' id='word_1_183' title='bbox 367 1527 452 1569; x_wconf 74' lang='lat' dir='ltr'>-foL</span> <span class='ocrx_word' id='word_1_184' title='bbox 475 1543 506 1569; x_wconf 89' lang='lat' dir='ltr'>s.</span> <span class='ocrx_word' id='word_1_185' title='bbox 529 1543 562 1567; x_wconf 85' lang='lat' dir='ltr'>a.</span> <span class='ocrx_word' id='word_1_186' title='bbox 583 1528 609 1568; x_wconf 90' lang='lat' dir='ltr'>l.</span> <span class='ocrx_word' id='word_1_187' title='bbox 625 1535 664 1567; x_wconf 91' lang='lat' dir='ltr'>et</span> <span class='ocrx_word' id='word_1_188' title='bbox 685 1535 842 1582; x_wconf 81' lang='lat' dir='ltr'>typogr.</span> <span class='ocrx_word' id='word_1_189' title='bbox 863 1548 916 1556; x_wconf 91' lang='lat'>—</span> <span class='ocrx_word' id='word_1_190' title='bbox 943 1524 1146 1576; x_wconf 77' lang='lat' dir='ltr'>catalogue</span> <span class='ocrx_word' id='word_1_191' title='bbox 1161 1526 1226 1565; x_wconf 83' lang='lat' dir='ltr'>des</span> <span class='ocrx_word' id='word_1_192' title='bbox 1246 1525 1375 1566; x_wconf 78' lang='lat' dir='ltr'>Lz&#39;ores</span> <span class='ocrx_word' id='word_1_193' title='bbox 1397 1528 1589 1581; x_wconf 79' lang='lat' dir='ltr'>imprime&#39;s</span> 
     </span>
     <span class='ocr_line' id='line_1_21' title="bbox 149 1589 1116 1650; baseline -0.005 -16"><span class='ocrx_word' id='word_1_194' title='bbox 149 1594 212 1650; x_wconf 80' lang='lat' dir='ltr'>de</span> <span class='ocrx_word' id='word_1_195' title='bbox 208 1595 259 1649; x_wconf 73' lang='lat' dir='ltr'>la</span> <span class='ocrx_word' id='word_1_196' title='bbox 281 1595 540 1649; x_wconf 64' lang='lat' dir='ltr'>Bibliotheque</span> <span class='ocrx_word' id='word_1_197' title='bbox 559 1595 609 1634; x_wconf 86' lang='lat' dir='ltr'>du</span> <span class='ocrx_word' id='word_1_198' title='bbox 629 1595 717 1634; x_wconf 82' lang='lat' dir='ltr'>Roi.</span> <span class='ocrx_word' id='word_1_199' title='bbox 750 1595 909 1642; x_wconf 58' lang='lat' dir='ltr'>Foetes,</span> <span class='ocrx_word' id='word_1_200' title='bbox 936 1607 974 1632; x_wconf 90' lang='lat' dir='ltr'>n.</span> <span class='ocrx_word' id='word_1_201' title='bbox 1001 1605 1017 1630; x_wconf 91' lang='lat'>1</span> <span class='ocrx_word' id='word_1_202' title='bbox 1030 1589 1116 1631; x_wconf 84' lang='lat'>131.</span> 
     </span>
    </p>

    <p class='ocr_par' dir='ltr' id='par_1_5' title="bbox 144 1642 1592 2183">
     <span class='ocr_line' id='line_1_22' title="bbox 197 1642 1590 1714; baseline -0.001 -12.998"><span class='ocrx_word' id='word_1_203' title='bbox 197 1642 393 1714; x_wconf 54' lang='lat' dir='ltr'>⁸Iipistolae</span> <span class='ocrx_word' id='word_1_204' title='bbox 409 1642 627 1710; x_wconf 81' lang='lat' dir='ltr'>Heroides,</span> <span class='ocrx_word' id='word_1_205' title='bbox 663 1661 836 1714; x_wconf 88' lang='lat' dir='ltr'>Sapphus</span> <span class='ocrx_word' id='word_1_206' title='bbox 857 1658 1034 1710; x_wconf 89' lang='lat' dir='ltr'>Epistola</span> <span class='ocrx_word' id='word_1_207' title='bbox 1054 1667 1092 1698; x_wconf 89' lang='lat' dir='ltr'>et</span> <span class='ocrx_word' id='word_1_208' title='bbox 1111 1659 1153 1697; x_wconf 88' lang='lat' dir='ltr'>in</span> <span class='ocrx_word' id='word_1_209' title='bbox 1178 1658 1276 1698; x_wconf 89' lang='lat' dir='ltr'>Ibin.</span> <span class='ocrx_word' id='word_1_210' title='bbox 1299 1662 1346 1700; x_wconf 90' lang='lat' dir='ltr'>ln</span> <span class='ocrx_word' id='word_1_211' title='bbox 1368 1660 1468 1699; x_wconf 88' lang='lat' dir='ltr'>fine.</span> <span class='ocrx_word' id='word_1_212' title='bbox 1493 1662 1590 1700; x_wconf 82' lang='lat' dir='ltr'>«Et</span> 
     </span>
     <span class='ocr_line' id='line_1_23' title="bbox 146 1679 1584 1782; baseline -0.001 -13"><span class='ocrx_word' id='word_1_213' title='bbox 146 1729 201 1780; x_wconf 77' lang='lat' dir='ltr'>sic</span> <span class='ocrx_word' id='word_1_214' title='bbox 220 1735 279 1769; x_wconf 86' lang='lat' dir='ltr'>est</span> <span class='ocrx_word' id='word_1_215' title='bbox 299 1728 386 1768; x_wconf 86' lang='lat' dir='ltr'>finis</span> <span class='ocrx_word' id='word_1_216' title='bbox 403 1727 520 1782; x_wconf 90' lang='lat' dir='ltr'>hujus</span> <span class='ocrx_word' id='word_1_217' title='bbox 541 1728 684 1782; x_wconf 87' lang='lat' dir='ltr'>operis,</span> <span class='ocrx_word' id='word_1_218' title='bbox 707 1726 748 1767; x_wconf 87' lang='lat' dir='ltr'>in</span> <span class='ocrx_word' id='word_1_219' title='bbox 768 1741 845 1780; x_wconf 91' lang='lat' dir='ltr'>quo</span> <span class='ocrx_word' id='word_1_220' title='bbox 866 1725 950 1766; x_wconf 77' lang='lat' dir='ltr'>haec</span> <span class='ocrx_word' id='word_1_221' title='bbox 968 1725 1096 1765; x_wconf 88' lang='lat' dir='ltr'>omnia</span> <span class='ocrx_word' id='word_1_222' title='bbox 1116 1725 1366 1766; x_wconf 88' lang='lat' dir='ltr'>continentur</span> <span class='ocrx_word' id='word_1_223' title='bbox 1385 1679 1584 1769; x_wconf 81' lang='lat' dir='ltr'>videlicet:</span> 
     </span>
     <span class='ocr_line' id='line_1_24' title="bbox 144 1790 1590 1854; baseline -0.001 -18"><span class='ocrx_word' id='word_1_224' title='bbox 144 1796 190 1854; x_wconf 92' lang='lat' dir='ltr'>P.</span> <span class='ocrx_word' id='word_1_225' title='bbox 223 1792 357 1836; x_wconf 84' lang='lat' dir='ltr'>Ovidii</span> <span class='ocrx_word' id='word_1_226' title='bbox 378 1793 550 1833; x_wconf 88' lang='lat' dir='ltr'>Nasonis</span> <span class='ocrx_word' id='word_1_227' title='bbox 578 1792 767 1844; x_wconf 83' lang='lat' dir='ltr'>Epistolae</span> <span class='ocrx_word' id='word_1_228' title='bbox 791 1791 983 1831; x_wconf 89' lang='lat' dir='ltr'>Heroides</span> <span class='ocrx_word' id='word_1_229' title='bbox 1011 1790 1121 1844; x_wconf 86' lang='lat' dir='ltr'>(sic)</span> <span class='ocrx_word' id='word_1_230' title='bbox 1142 1806 1217 1830; x_wconf 91' lang='lat' dir='ltr'>una</span> <span class='ocrx_word' id='word_1_231' title='bbox 1240 1806 1325 1831; x_wconf 90' lang='lat' dir='ltr'>cum</span> <span class='ocrx_word' id='word_1_232' title='bbox 1350 1795 1590 1844; x_wconf 85' lang='lat' dir='ltr'>expositione</span> 
     </span>
     <span class='ocr_line' id='line_1_25' title="bbox 146 1857 1592 1913; baseline -0.001 -12"><span class='ocrx_word' id='word_1_233' title='bbox 146 1862 244 1901; x_wconf 86' lang='lat' dir='ltr'>Ant</span> <span class='ocrx_word' id='word_1_234' title='bbox 275 1859 424 1900; x_wconf 86' lang='lat' dir='ltr'>Volsci.</span> <span class='ocrx_word' id='word_1_235' title='bbox 455 1859 714 1913; x_wconf 86' lang='lat' dir='ltr'>Ubertinique</span> <span class='ocrx_word' id='word_1_236' title='bbox 739 1859 867 1898; x_wconf 88' lang='lat' dir='ltr'>clerici</span> <span class='ocrx_word' id='word_1_237' title='bbox 900 1857 1210 1898; x_wconf 89' lang='lat' dir='ltr'>Crescentinatis.</span> <span class='ocrx_word' id='word_1_238' title='bbox 1251 1859 1435 1912; x_wconf 85' lang='lat' dir='ltr'>Ejusdem</span> <span class='ocrx_word' id='word_1_239' title='bbox 1459 1861 1592 1901; x_wconf 90' lang='lat' dir='ltr'>Ovidii</span> 
     </span>
     <span class='ocr_line' id='line_1_26' title="bbox 147 1911 1589 1989; baseline 0.001 -23"><span class='ocrx_word' id='word_1_240' title='bbox 147 1926 304 1989; x_wconf 85' lang='lat' dir='ltr'>Sapho,</span> <span class='ocrx_word' id='word_1_241' title='bbox 321 1939 410 1966; x_wconf 88' lang='lat' dir='ltr'>cum</span> <span class='ocrx_word' id='word_1_242' title='bbox 421 1924 661 1977; x_wconf 81' lang='lat' dir='ltr'>expositione</span> <span class='ocrx_word' id='word_1_243' title='bbox 681 1911 887 1964; x_wconf 88' lang='lat' dir='ltr'>Calderini.</span> <span class='ocrx_word' id='word_1_244' title='bbox 904 1925 1071 1963; x_wconf 85' lang='lat' dir='ltr'>Necnon</span> <span class='ocrx_word' id='word_1_245' title='bbox 1092 1923 1260 1976; x_wconf 88' lang='lat' dir='ltr'>ejusdem</span> <span class='ocrx_word' id='word_1_246' title='bbox 1286 1924 1418 1964; x_wconf 82' lang='lat' dir='ltr'>Ovidii</span> <span class='ocrx_word' id='word_1_247' title='bbox 1438 1925 1589 1968; x_wconf 87' lang='lat' dir='ltr'>libellus</span> 
     </span>
     <span class='ocr_line' id='line_1_27' title="bbox 147 1984 1590 2048; baseline 0.001 -17"><span class='ocrx_word' id='word_1_248' title='bbox 147 1992 189 2048; x_wconf 83' lang='lat' dir='ltr'>in</span> <span class='ocrx_word' id='word_1_249' title='bbox 201 1984 314 2046; x_wconf 71' lang='lat' dir='ltr'>ibin,</span> <span class='ocrx_word' id='word_1_250' title='bbox 337 2006 426 2033; x_wconf 90' lang='lat' dir='ltr'>cum</span> <span class='ocrx_word' id='word_1_251' title='bbox 445 1991 685 2043; x_wconf 89' lang='lat' dir='ltr'>expositione</span> <span class='ocrx_word' id='word_1_252' title='bbox 701 1990 871 2046; x_wconf 85' lang='lat' dir='ltr'>ejusdem</span> <span class='ocrx_word' id='word_1_253' title='bbox 887 1989 1064 2029; x_wconf 88' lang='lat' dir='ltr'>Domitii.</span> <span class='ocrx_word' id='word_1_254' title='bbox 1074 1990 1207 2039; x_wconf 88' lang='lat' dir='ltr'>Quod</span> <span class='ocrx_word' id='word_1_255' title='bbox 1227 2005 1322 2042; x_wconf 90' lang='lat' dir='ltr'>opus</span> <span class='ocrx_word' id='word_1_256' title='bbox 1342 1992 1503 2032; x_wconf 90' lang='lat' dir='ltr'>fideliter</span> <span class='ocrx_word' id='word_1_257' title='bbox 1521 2008 1590 2033; x_wconf 90' lang='lat' dir='ltr'>ac—</span> 
     </span>
     <span class='ocr_line' id='line_1_28' title="bbox 149 2051 1590 2121; baseline 0.003 -22"><span class='ocrx_word' id='word_1_258' title='bbox 149 2051 462 2121; x_wconf 78' lang='lat' dir='ltr'>curatissimeque</span> <span class='ocrx_word' id='word_1_259' title='bbox 486 2058 714 2110; x_wconf 83' lang='lat' dir='ltr'>impressum</span> <span class='ocrx_word' id='word_1_260' title='bbox 741 2058 825 2097; x_wconf 83' lang='lat' dir='ltr'>fuit.</span> <span class='ocrx_word' id='word_1_261' title='bbox 854 2058 954 2097; x_wconf 88' lang='lat' dir='ltr'>Laus</span> <span class='ocrx_word' id='word_1_262' title='bbox 972 2058 1101 2097; x_wconf 60' lang='lat' dir='ltr'>Deoa</span> <span class='ocrx_word' id='word_1_263' title='bbox 1101 2058 1257 2098; x_wconf 85' lang='lat' dir='ltr'>›in-sol.</span> <span class='ocrx_word' id='word_1_264' title='bbox 1283 2060 1375 2099; x_wconf 89' lang='lat' dir='ltr'>min.</span> <span class='ocrx_word' id='word_1_265' title='bbox 1400 2077 1430 2101; x_wconf 89' lang='lat' dir='ltr'>s.</span> <span class='ocrx_word' id='word_1_266' title='bbox 1453 2077 1486 2101; x_wconf 92' lang='lat' dir='ltr'>a.</span> <span class='ocrx_word' id='word_1_267' title='bbox 1504 2062 1530 2101; x_wconf 92' lang='lat' dir='ltr'>l.</span> <span class='ocrx_word' id='word_1_268' title='bbox 1551 2072 1590 2103; x_wconf 88' lang='lat' dir='ltr'>et</span> 
     </span>
     <span class='ocr_line' id='line_1_29' title="bbox 150 2123 981 2183; baseline -0.005 -16"><span class='ocrx_word' id='word_1_269' title='bbox 150 2138 304 2183; x_wconf 80' lang='lat' dir='ltr'>typogr.</span> <span class='ocrx_word' id='word_1_270' title='bbox 319 2149 375 2158; x_wconf 90' lang='lat'><strong>—</strong></span> <span class='ocrx_word' id='word_1_271' title='bbox 387 2127 528 2166; x_wconf 87' lang='lat' dir='ltr'>Panzer</span> <span class='ocrx_word' id='word_1_272' title='bbox 542 2155 553 2175; x_wconf 86' lang='lat'>‚</span> <span class='ocrx_word' id='word_1_273' title='bbox 576 2135 670 2166; x_wconf 86' lang='lat' dir='ltr'>tom.</span> <span class='ocrx_word' id='word_1_274' title='bbox 690 2126 762 2174; x_wconf 78' lang='lat' dir='ltr'>IV,</span> <span class='ocrx_word' id='word_1_275' title='bbox 787 2140 871 2180; x_wconf 84' lang='lat' dir='ltr'>pag.</span> <span class='ocrx_word' id='word_1_276' title='bbox 887 2123 981 2180; x_wconf 74' lang='grc'><strong>476.</strong></span> 
     </span>
    </p>

    <p class='ocr_par' dir='ltr' id='par_1_6' title="bbox 151 2193 1590 2379">
     <span class='ocr_line' id='line_1_30' title="bbox 206 2193 1590 2249; baseline 0.004 -16"><span class='ocrx_word' id='word_1_277' title='bbox 206 2195 268 2233; x_wconf 90' lang='lat' dir='ltr'>De</span> <span class='ocrx_word' id='word_1_278' title='bbox 283 2194 381 2233; x_wconf 87' lang='lat' dir='ltr'>Arte</span> <span class='ocrx_word' id='word_1_279' title='bbox 398 2193 564 2249; x_wconf 55' lang='lat' dir='ltr'>Amandi</span> <span class='ocrx_word' id='word_1_280' title='bbox 579 2221 590 2241; x_wconf 92' lang='lat'>‚</span> <span class='ocrx_word' id='word_1_281' title='bbox 612 2193 800 2233; x_wconf 89' lang='lat' dir='ltr'>Remedio</span> <span class='ocrx_word' id='word_1_282' title='bbox 818 2193 974 2232; x_wconf 81' lang='lat' dir='ltr'>Amoris</span> <span class='ocrx_word' id='word_1_283' title='bbox 986 2221 996 2241; x_wconf 84' lang='lat'>‚</span> <span class='ocrx_word' id='word_1_284' title='bbox 1016 2193 1056 2231; x_wconf 88' lang='lat' dir='ltr'>in</span> <span class='ocrx_word' id='word_1_285' title='bbox 1079 2193 1166 2232; x_wconf 89' lang='lat' dir='ltr'>lbin</span> <span class='ocrx_word' id='word_1_286' title='bbox 1185 2223 1196 2242; x_wconf 87' lang='lat'>‚</span> <span class='ocrx_word' id='word_1_287' title='bbox 1223 2194 1268 2233; x_wconf 92' lang='lat' dir='ltr'>de</span> <span class='ocrx_word' id='word_1_288' title='bbox 1287 2196 1397 2235; x_wconf 89' lang='lat' dir='ltr'>Nuce</span> <span class='ocrx_word' id='word_1_289' title='bbox 1416 2222 1428 2245; x_wconf 77' lang='lat'>‚</span> <span class='ocrx_word' id='word_1_290' title='bbox 1444 2198 1563 2238; x_wconf 87' lang='lat' dir='ltr'>Fastis</span> <span class='ocrx_word' id='word_1_291' title='bbox 1579 2229 1590 2249; x_wconf 86' lang='lat'>‚</span> 
     </span>
     <span class='ocr_line' id='line_1_31' title="bbox 152 2254 1590 2321; baseline 0.002 -21"><span class='ocrx_word' id='word_1_292' title='bbox 152 2254 346 2301; x_wconf 85' lang='lat' dir='ltr'>Tristibus</span> <span class='ocrx_word' id='word_1_293' title='bbox 364 2290 376 2310; x_wconf 80' lang='lat'>‚</span> <span class='ocrx_word' id='word_1_294' title='bbox 406 2260 539 2300; x_wconf 84' lang='lat' dir='ltr'>Ponto</span> <span class='ocrx_word' id='word_1_295' title='bbox 555 2288 566 2306; x_wconf 85' lang='lat'>‚</span> <span class='ocrx_word' id='word_1_296' title='bbox 599 2259 733 2299; x_wconf 89' lang='lat' dir='ltr'>Pulice</span> <span class='ocrx_word' id='word_1_297' title='bbox 748 2287 760 2307; x_wconf 82' lang='lat'><strong>‚</strong></span> <span class='ocrx_word' id='word_1_298' title='bbox 785 2258 1010 2300; x_wconf 87' lang='lat' dir='ltr'>Philomela.</span> <span class='ocrx_word' id='word_1_299' title='bbox 1045 2261 1181 2313; x_wconf 86' lang='lat' dir='ltr'>in-fol.</span> <span class='ocrx_word' id='word_1_300' title='bbox 1208 2276 1237 2301; x_wconf 90' lang='lat' dir='ltr'>s.</span> <span class='ocrx_word' id='word_1_301' title='bbox 1260 2276 1292 2300; x_wconf 82' lang='lat' dir='ltr'>a.</span> <span class='ocrx_word' id='word_1_302' title='bbox 1328 2262 1352 2301; x_wconf 92' lang='lat' dir='ltr'>l.</span> <span class='ocrx_word' id='word_1_303' title='bbox 1377 2271 1416 2302; x_wconf 92' lang='lat' dir='ltr'>et</span> <span class='ocrx_word' id='word_1_304' title='bbox 1437 2272 1590 2321; x_wconf 89' lang='lat' dir='ltr'>typogr.</span> 
     </span>
     <span class='ocr_line' id='line_1_32' title="bbox 151 2325 756 2379; baseline -0.007 -14"><span class='ocrx_word' id='word_1_305' title='bbox 151 2326 316 2375; x_wconf 64' lang='lat' dir='ltr'>Panzoe,</span> <span class='ocrx_word' id='word_1_306' title='bbox 334 2333 428 2364; x_wconf 91' lang='lat' dir='ltr'>tom.</span> <span class='ocrx_word' id='word_1_307' title='bbox 452 2325 531 2372; x_wconf 81' lang='lat' dir='ltr'>IV,</span> <span class='ocrx_word' id='word_1_308' title='bbox 555 2338 639 2379; x_wconf 85' lang='lat' dir='ltr'>pag.</span> <span class='ocrx_word' id='word_1_309' title='bbox 668 2338 756 2378; x_wconf 90' lang='lat'>170.</span> 
     </span>
    </p>

    <p class='ocr_par' dir='ltr' id='par_1_7' title="bbox 155 2390 1596 2580">
     <span class='ocr_line' id='line_1_33' title="bbox 209 2390 1591 2448; baseline 0.005 -17"><span class='ocrx_word' id='word_1_310' title='bbox 209 2393 270 2432; x_wconf 90' lang='lat' dir='ltr'>De</span> <span class='ocrx_word' id='word_1_311' title='bbox 299 2391 487 2432; x_wconf 83' lang='lat' dir='ltr'>Remedio</span> <span class='ocrx_word' id='word_1_312' title='bbox 517 2390 676 2431; x_wconf 86' lang='lat' dir='ltr'>Amoris</span> <span class='ocrx_word' id='word_1_313' title='bbox 692 2419 704 2439; x_wconf 82' lang='lat'>‚</span> <span class='ocrx_word' id='word_1_314' title='bbox 730 2405 816 2431; x_wconf 91' lang='lat' dir='ltr'>cum</span> <span class='ocrx_word' id='word_1_315' title='bbox 841 2400 1046 2432; x_wconf 84' lang='lat' dir='ltr'>comment.</span> <span class='ocrx_word' id='word_1_316' title='bbox 1078 2410 1097 2427; x_wconf 82' lang='grc' dir='ltr'><strong>α</strong></span> <span class='ocrx_word' id='word_1_317' title='bbox 1120 2392 1273 2433; x_wconf 85' lang='lat' dir='ltr'>Parisiis</span> <span class='ocrx_word' id='word_1_318' title='bbox 1293 2423 1305 2442; x_wconf 83' lang='lat'>‚</span> <span class='ocrx_word' id='word_1_319' title='bbox 1336 2394 1440 2448; x_wconf 86' lang='lat' dir='ltr'>apud</span> <span class='ocrx_word' id='word_1_320' title='bbox 1465 2397 1591 2438; x_wconf 82' lang='lat' dir='ltr'>vicum</span> 
     </span>
     <span class='ocr_line' id='line_1_34' title="bbox 161 2456 1596 2508; baseline 0.003 -11"><span class='ocrx_word' id='word_1_321' title='bbox 161 2457 352 2506; x_wconf 68' lang='lat' dir='ltr'>citharae,</span> <span class='ocrx_word' id='word_1_322' title='bbox 388 2471 456 2507; x_wconf 87' lang='lat' dir='ltr'>per</span> <span class='ocrx_word' id='word_1_323' title='bbox 478 2456 700 2506; x_wconf 88' lang='lat' dir='ltr'>Philippum</span> <span class='ocrx_word' id='word_1_324' title='bbox 742 2456 941 2508; x_wconf 76' lang='lat' dir='ltr'>Pigouchet</span> <span class='ocrx_word' id='word_1_325' title='bbox 968 2468 1270 2497; x_wconf 84' lang='lat' dir='ltr'>commorantem</span> <span class='ocrx_word' id='word_1_326' title='bbox 1300 2459 1341 2496; x_wconf 89' lang='lat' dir='ltr'>in</span> <span class='ocrx_word' id='word_1_327' title='bbox 1358 2460 1473 2500; x_wconf 94' lang='lat' dir='ltr'>domo</span> <span class='ocrx_word' id='word_1_328' title='bbox 1508 2464 1596 2502; x_wconf 91' lang='lat' dir='ltr'>col—</span> 
     </span>
     <span class='ocr_line' id='line_1_35' title="bbox 155 2519 1565 2580; baseline 0.004 -19"><span class='ocrx_word' id='word_1_329' title='bbox 155 2522 247 2577; x_wconf 84' lang='lat' dir='ltr'>legii</span> <span class='ocrx_word' id='word_1_330' title='bbox 262 2522 308 2560; x_wconf 79' lang='lat' dir='ltr'>de</span> <span class='ocrx_word' id='word_1_331' title='bbox 330 2521 539 2560; x_wconf 77' lang='lat' dir='ltr'>Dainoille.</span> <span class='ocrx_word' id='word_1_332' title='bbox 561 2539 580 2555; x_wconf 79' lang='grc' dir='ltr'><strong>υ</strong></span> <span class='ocrx_word' id='word_1_333' title='bbox 600 2519 724 2560; x_wconf 70' lang='grc' dir='ltr'><strong>ιιι-80.</strong></span> <span class='ocrx_word' id='word_1_334' title='bbox 742 2536 771 2560; x_wconf 83' lang='grc'>5.</span> <span class='ocrx_word' id='word_1_335' title='bbox 798 2536 838 2560; x_wconf 86' lang='grc' dir='ltr'>ιι.</span> <span class='ocrx_word' id='word_1_336' title='bbox 858 2535 890 2559; x_wconf 89' lang='lat' dir='ltr'>a.</span> <span class='ocrx_word' id='word_1_337' title='bbox 910 2544 965 2552; x_wconf 93' lang='lat'>--</span> <span class='ocrx_word' id='word_1_338' title='bbox 980 2523 1118 2561; x_wconf 88' lang='lat' dir='ltr'>Panzer</span> <span class='ocrx_word' id='word_1_339' title='bbox 1131 2552 1142 2571; x_wconf 86' lang='lat'>‚</span> <span class='ocrx_word' id='word_1_340' title='bbox 1165 2531 1260 2562; x_wconf 91' lang='lat' dir='ltr'>tom.</span> <span class='ocrx_word' id='word_1_341' title='bbox 1279 2524 1321 2561; x_wconf 90' lang='lat' dir='ltr'>II</span> <span class='ocrx_word' id='word_1_342' title='bbox 1335 2553 1346 2572; x_wconf 82' lang='lat'>‚</span> <span class='ocrx_word' id='word_1_343' title='bbox 1366 2539 1450 2580; x_wconf 86' lang='lat' dir='ltr'>pag.</span> <span class='ocrx_word' id='word_1_344' title='bbox 1473 2524 1565 2574; x_wconf 78' lang='lat'>346.</span> 
     </span>
    </p>

    <p class='ocr_par' dir='ltr' id='par_1_8' title="bbox 158 2587 1595 2846">
     <span class='ocr_line' id='line_1_36' title="bbox 212 2587 1595 2643; baseline 0.004 -14"><span class='ocrx_word' id='word_1_345' title='bbox 212 2587 321 2629; x_wconf 89' lang='lat' dir='ltr'>Libri</span> <span class='ocrx_word' id='word_1_346' title='bbox 337 2589 715 2640; x_wconf 87' lang='lat' dir='ltr'>Metamorphoseon.</span> <span class='ocrx_word' id='word_1_347' title='bbox 745 2588 886 2639; x_wconf 86' lang='lat' dir='ltr'>Incipit</span> <span class='ocrx_word' id='word_1_348' title='bbox 902 2588 1072 2629; x_wconf 85' lang='lat' dir='ltr'>versibus</span> <span class='ocrx_word' id='word_1_349' title='bbox 1091 2618 1102 2638; x_wconf 87' lang='lat'>‚</span> <span class='ocrx_word' id='word_1_350' title='bbox 1136 2589 1239 2628; x_wconf 84' lang='lat' dir='ltr'>Orba</span> <span class='ocrx_word' id='word_1_351' title='bbox 1260 2598 1416 2643; x_wconf 86' lang='lat' dir='ltr'>parente</span> <span class='ocrx_word' id='word_1_352' title='bbox 1438 2607 1504 2632; x_wconf 81' lang='lat' dir='ltr'>suo</span> <span class='ocrx_word' id='word_1_353' title='bbox 1521 2602 1595 2634; x_wconf 86' lang='lat' dir='ltr'>etc.</span> 
     </span>
     <span class='ocr_line' id='line_1_37' title="bbox 158 2654 1592 2711; baseline 0.003 -15"><span class='ocrx_word' id='word_1_354' title='bbox 158 2660 206 2698; x_wconf 87' lang='lat' dir='ltr'>ln</span> <span class='ocrx_word' id='word_1_355' title='bbox 227 2656 303 2696; x_wconf 82' lang='lat' dir='ltr'>fine</span> <span class='ocrx_word' id='word_1_356' title='bbox 324 2670 332 2694; x_wconf 74' lang='grc' dir='ltr'>ε</span> <span class='ocrx_word' id='word_1_357' title='bbox 358 2655 478 2704; x_wconf 63' lang='lat' dir='ltr'>Finis.</span> <span class='ocrx_word' id='word_1_358' title='bbox 502 2654 637 2695; x_wconf 82' lang='lat' dir='ltr'>in-fol.</span> <span class='ocrx_word' id='word_1_359' title='bbox 656 2671 688 2696; x_wconf 90' lang='lat' dir='ltr'>s.</span> <span class='ocrx_word' id='word_1_360' title='bbox 711 2669 742 2694; x_wconf 81' lang='lat' dir='ltr'>a.</span> <span class='ocrx_word' id='word_1_361' title='bbox 772 2655 798 2693; x_wconf 90' lang='lat' dir='ltr'>l.</span> <span class='ocrx_word' id='word_1_362' title='bbox 816 2664 854 2694; x_wconf 88' lang='lat' dir='ltr'>et</span> <span class='ocrx_word' id='word_1_363' title='bbox 869 2663 1021 2710; x_wconf 83' lang='lat' dir='ltr'>typogr.</span> <span class='ocrx_word' id='word_1_364' title='bbox 1047 2655 1147 2695; x_wconf 89' lang='lat' dir='ltr'>char.</span> <span class='ocrx_word' id='word_1_365' title='bbox 1169 2657 1303 2695; x_wconf 88' lang='lat' dir='ltr'>eodem</span> <span class='ocrx_word' id='word_1_366' title='bbox 1318 2685 1330 2705; x_wconf 85' lang='lat'>‚</span> <span class='ocrx_word' id='word_1_367' title='bbox 1355 2665 1398 2696; x_wconf 87' lang='lat' dir='ltr'>ut</span> <span class='ocrx_word' id='word_1_368' title='bbox 1419 2658 1592 2711; x_wconf 78' lang='lat' dir='ltr'>videtur,</span> 
     </span>
     <span class='ocr_line' id='line_1_38' title="bbox 158 2721 1589 2781; baseline 0.001 -19"><span class='ocrx_word' id='word_1_369' title='bbox 158 2737 236 2776; x_wconf 90' lang='lat' dir='ltr'>quo</span> <span class='ocrx_word' id='word_1_370' title='bbox 251 2721 406 2763; x_wconf 87' lang='lat' dir='ltr'>Vindel.</span> <span class='ocrx_word' id='word_1_371' title='bbox 424 2722 470 2761; x_wconf 90' lang='lat' dir='ltr'>de</span> <span class='ocrx_word' id='word_1_372' title='bbox 491 2722 601 2774; x_wconf 81' lang='lat' dir='ltr'>Spita</span> <span class='ocrx_word' id='word_1_373' title='bbox 623 2731 662 2762; x_wconf 89' lang='lat' dir='ltr'>et</span> <span class='ocrx_word' id='word_1_374' title='bbox 683 2724 749 2762; x_wconf 89' lang='lat' dir='ltr'>Jo.</span> <span class='ocrx_word' id='word_1_375' title='bbox 766 2722 812 2761; x_wconf 89' lang='lat' dir='ltr'>de</span> <span class='ocrx_word' id='word_1_376' title='bbox 834 2722 999 2762; x_wconf 82' lang='lat' dir='ltr'>Colonia</span> <span class='ocrx_word' id='word_1_377' title='bbox 1019 2723 1078 2763; x_wconf 88' lang='lat' dir='ltr'>usi</span> <span class='ocrx_word' id='word_1_378' title='bbox 1097 2731 1187 2764; x_wconf 90' lang='lat' dir='ltr'>sunt</span> <span class='ocrx_word' id='word_1_379' title='bbox 1208 2724 1248 2762; x_wconf 92' lang='lat' dir='ltr'>in</span> <span class='ocrx_word' id='word_1_380' title='bbox 1279 2723 1414 2764; x_wconf 90' lang='lat' dir='ltr'>Plauto</span> <span class='ocrx_word' id='word_1_381' title='bbox 1428 2754 1439 2774; x_wconf 87' lang='lat'><strong>‚</strong></span> <span class='ocrx_word' id='word_1_382' title='bbox 1463 2727 1564 2781; x_wconf 71' lang='lat'>1472</span> <span class='ocrx_word' id='word_1_383' title='bbox 1579 2756 1589 2776; x_wconf 88' lang='lat'>,</span> 
     </span>
     <span class='ocr_line' id='line_1_39' title="bbox 161 2789 1591 2846; baseline 0.003 -16"><span class='ocrx_word' id='word_1_384' title='bbox 161 2798 226 2831; x_wconf 84' lang='lat' dir='ltr'>aut</span> <span class='ocrx_word' id='word_1_385' title='bbox 249 2805 319 2839; x_wconf 78' lang='lat' dir='ltr'>eo,</span> <span class='ocrx_word' id='word_1_386' title='bbox 347 2805 424 2843; x_wconf 90' lang='lat' dir='ltr'>quo</span> <span class='ocrx_word' id='word_1_387' title='bbox 447 2790 579 2830; x_wconf 82' lang='lat' dir='ltr'>Udalr.</span> <span class='ocrx_word' id='word_1_388' title='bbox 603 2792 703 2830; x_wconf 83' lang='lat' dir='ltr'>Han.</span> <span class='ocrx_word' id='word_1_389' title='bbox 728 2798 766 2830; x_wconf 88' lang='lat' dir='ltr'>et</span> <span class='ocrx_word' id='word_1_390' title='bbox 783 2791 877 2830; x_wconf 86' lang='lat' dir='ltr'>Sim.</span> <span class='ocrx_word' id='word_1_391' title='bbox 892 2789 938 2830; x_wconf 88' lang='lat' dir='ltr'>de</span> <span class='ocrx_word' id='word_1_392' title='bbox 958 2791 1060 2831; x_wconf 84' lang='lat' dir='ltr'>Luca</span> <span class='ocrx_word' id='word_1_393' title='bbox 1079 2820 1090 2839; x_wconf 69' lang='lat'>,</span> <span class='ocrx_word' id='word_1_394' title='bbox 1114 2806 1202 2830; x_wconf 84' lang='lat' dir='ltr'>ann.</span> <span class='ocrx_word' id='word_1_395' title='bbox 1231 2791 1329 2846; x_wconf 71' lang='lat'>1471</span> <span class='ocrx_word' id='word_1_396' title='bbox 1352 2822 1363 2841; x_wconf 81' lang='lat'>‚</span> <span class='ocrx_word' id='word_1_397' title='bbox 1388 2793 1591 2844; x_wconf 84' lang='lat' dir='ltr'>impresse-</span> 
     </span>
    </p>
   </div>
   <div class='ocr_carea' id='block_1_3' title="bbox 269 2849 1313 2895">
    <p class='ocr_par' dir='ltr' id='par_1_9' title="bbox 269 2849 1313 2895">
     <span class='ocr_line' id='line_1_40' title="bbox 269 2849 1313 2895; baseline 0.002 -2"><span class='ocrx_word' id='word_1_398' title='bbox 269 2857 278 2865; x_wconf 84' lang='lat'>‘</span> <span class='ocrx_word' id='word_1_399' title='bbox 318 2849 467 2893; x_wconf 89' lang='lat' dir='ltr'>VIII.</span> <span class='ocrx_word' id='word_1_400' title='bbox 1256 2854 1313 2895; x_wconf 79' lang='lat'>26</span> 
     </span>
    </p>
   </div>
  </div>
 </body>
</html>
