1794 3100
694 226 884 272 v1TA.
1459 246 1512 289 77

307 318 382 363 Seu
397 330 509 365 genus
526 316 676 353 excutias
691 343 701 361 ,
718 317 853 363 equites
869 316 911 352 ab
926 316 1060 362 origine
1077 317 1190 363 prima

347 377 471 424 Usque
486 390 550 425 per
564 376 771 413 innumeros
788 378 1012 413 inveniemur
1029 390 1120 413 avos.

86 453 407 509 Patrimonium
429 455 538 506 satis
558 447 752 524 amplum
768 456 977 505 habuisse
1001 468 1198 515 constat;
1220 456 1343 524 quod
1362 456 1419 506 ab
1444 475 1519 507 eo-

52 554 54 559 ’
89 535 214 596 dem,
234 535 282 584 in
305 535 477 594 Ponto,
503 535 565 583 sic
584 534 834 583 ostenditur
856 553 867 582 ε

310 635 393 671 Non
409 647 510 670 meus
526 632 667 669 amissos
684 633 822 668 animus
838 631 1013 668 desiderat
1028 645 1127 679 agros
1140 660 1150 678 ,

355 697 523 742 Ruraque
538 695 687 742 Peligna
702 691 947 741 conspicienda
962 694 1036 730 solo
1054 707 1062 729 :

308 759 384 796 Nec
400 771 488 805 quos
502 757 685 805 pomiferis
702 756 831 804 positos
847 756 884 791 in
902 755 1045 811 collibus
1059 756 1181 792 hortos

352 820 494 868 Spectat
509 818 693 856 Flaminiae
713 817 861 854 Claudia
876 818 996 863 iuncta
1011 818 1084 853 viae.

90 902 202 950 Item
224 900 406 950 domum
435 917 527 949 non
558 898 691 963 longe
715 918 740 948 a
764 897 988 965 Capitolio
1024 917 1034 946 :
1067 897 1131 946 ait
1161 898 1276 946 enim
1312 897 1359 946 in
1384 898 1518 948 Trist.

89 975 170 1026 lib.
194 979 239 1037 Ι,
261 977 386 1041 Eleg.
414 989 506 1029 111:

313 1076 420 1111 Hanc
433 1087 499 1121 ego
513 1072 702 1120 suspiciens
716 1100 726 1119 ,
742 1080 778 1109 et
795 1073 838 1109 ad
854 1073 928 1109 haec
947 1072 1121 1120 Capitolia
1132 1086 1280 1108 cernens
1293 1099 1302 1116 ,

358 1136 452 1182 Quae
464 1142 588 1171 nostro
604 1134 735 1171 frustra
750 1137 871 1181 juncta
886 1135 983 1170 fuere
1000 1134 1075 1169 lari.

95 1217 290 1265 Fratrem
313 1226 523 1282 praeterea
545 1214 705 1263 habuit
726 1226 834 1262 natu
857 1214 1066 1279 majorem
1098 1213 1332 1262 duodecim
1362 1215 1528 1263 mensi—

95 1295 208 1353 bus,
233 1304 279 1342 et
310 1292 433 1360 quod
466 1293 627 1341 mirum
662 1304 729 1341 est
744 1331 756 1351 ‚
786 1291 937 1340 eodem
954 1329 965 1348 ‚
993 1310 1082 1358 quo
1104 1291 1199 1357 ipse
1218 1329 1230 1349 ,
1254 1304 1407 1340 natum
1431 1292 1525 1341 die:

97 1381 282 1436 uterque
296 1369 413 1418 enim
427 1380 587 1436 quarto
609 1368 779 1423 decimo
796 1366 970 1417 kalend.
986 1366 1156 1434 Aprilis
1176 1367 1385 1416 Minervae
1397 1368 1528 1435 quin-

99 1446 283 1513 quatriis
303 1458 434 1496 natus
457 1458 548 1504 est3
577 1445 697 1514 quod
720 1445 781 1495 sic
805 1446 901 1512 ipse
923 1446 969 1493 in
990 1445 1127 1493 Trist.
1147 1443 1224 1492 lib.
1251 1446 1330 1504 IV,
1348 1445 1418 1493 El.
1443 1460 1471 1494 X
1494 1467 1504 1493 ε

316 1545 391 1582 Nec
406 1545 509 1590 stirps
523 1544 638 1590 prima
657 1544 735 1590 suff,
755 1544 874 1590 genito
890 1557 968 1579 sum
986 1543 1096 1579 fratre
1111 1550 1246 1579 creatus
1258 1570 1267 1587 ,

363 1606 439 1652 Qui
455 1606 565 1642 tribus
582 1613 662 1641 ante
683 1613 808 1652 quater
824 1605 1002 1641 mensibus
1017 1612 1115 1640 ortus
1129 1613 1213 1640 erat.

297 1710 300 1713 Α
318 1666 458 1702 Lucifer
475 1667 643 1701 ambobus
659 1667 831 1701 natalibus
848 1667 958 1701 adsuit
973 1666 1067 1701 idem
1086 1680 1094 1700 ι

363 1727 448 1762 Una
463 1726 637 1762 celebrata
653 1735 705 1762 est
721 1740 784 1772 per
799 1727 870 1761 duo
886 1727 952 1760 liba
971 1726 1055 1761 dies.

320 1789 408 1823 Haec
423 1795 476 1823 est
492 1788 664 1823 armiferae
681 1788 723 1823 de
740 1788 835 1823 sestis
851 1788 1006 1833 quinque
1026 1787 1198 1821 Minervae
1209 1813 1218 1830 ,

367 1849 461 1895 Quae
477 1849 555 1884 fieri
569 1861 686 1896 pugna
702 1848 815 1894 prima
830 1855 977 1883 cruenta
993 1848 1090 1883 solet.

104 1929 246 1978 Natus
265 1940 332 1977 est
348 1941 494 1978 autem
514 1928 663 1977 Hirtio
685 1940 728 1977 et
746 1929 890 1976 Pansa
908 1946 1020 1977 coss.
1040 1927 1117 1994 qui
1139 1926 1258 1977 bello
1276 1928 1533 1978 Antoniano

105 2005 224 2072 apud
246 2007 468 2056 Mutinam
488 2007 706 2074 perempti
725 2018 853 2065 sunt,
876 2017 926 2054 ut
946 2006 1100 2072 ipsein
1119 2007 1252 2054 Trist.
1278 2007 1357 2065 IV,
1375 2006 1444 2055 El.
1459 2022 1511 2055 x:

325 2105 450 2141 Editus
466 2106 523 2141 hic
537 2119 602 2152 ego
617 2119 718 2148 sum;
734 2119 800 2141 nec
814 2119 887 2140 non
903 2133 912 2151 ,
929 2113 968 2140 ut
988 2113 1148 2151 tempora
1165 2105 1261 2140 noris
1274 2131 1283 2149 ‚

372 2167 498 2212 Quum
515 2167 640 2202 cecidit
654 2167 728 2202 fato
743 2168 865 2202 consul
885 2175 1032 2213 uterque
1049 2166 1133 2214 pari.

109 2243 263 2308 Quum
279 2256 425 2293 autem
439 2246 594 2293 Romae
605 2265 692 2295 una
706 2231 947 2295 cumfratre
961 2246 1044 2295 sub
1060 2245 1311 2294 clarissimis
1334 2257 1376 2294 et
1396 2264 1538 2308 gram—

106 2322 278 2371 maticis
303 2334 346 2371 et
363 2319 623 2370 rhetoribus
654 2322 894 2388 plurimum
917 2324 1200 2390 profecisset,
1233 2323 1406 2386 legibus
1421 2361 1433 2381 ‚
1462 2343 1538 2371 co-

109 2410 237 2461 gente
270 2411 421 2466 patre‚
449 2399 526 2466 qui
546 2399 833 2448 humanitatis
858 2401 1003 2449 studia
1032 2400 1206 2448 inutilia
1232 2419 1325 2449 esse
1348 2412 1537 2450 conten-

109 2475 245 2524 debat
259 2514 271 2534 ,
291 2477 425 2544 coepit
443 2477 695 2526 incumbere
711 2515 722 2535 ‚
748 2490 790 2525 et
806 2478 994 2544 profecit
1012 2479 1207 2542 legibus,
1230 2492 1273 2527 et
1292 2479 1540 2531 honoribus

111 2555 291 2604 functus
307 2568 396 2605 est:
424 2556 502 2605 sed
519 2575 655 2623 quum
672 2556 820 2604 forum
837 2556 1089 2623 displiceret
1100 2596 1111 2615 ‚
1131 2557 1252 2624 quod
1269 2570 1383 2608 esset
1401 2561 1540 2626 majus

114 2653 227 2684 onus
250 2635 344 2700 ejus
366 2635 556 2694 viribus,
580 2634 731 2683 relicta
754 2635 875 2683 curia
897 2647 940 2684 et
971 2634 1047 2684 lati
1087 2635 1194 2684 clavi
1227 2638 1433 2687 servitute
1450 2677 1460 2697 ‚
1487 2639 1542 2687 ad

114 2712 429 2763 mansuetiores
453 2733 602 2763 musas
627 2713 787 2771 rediit;
823 2725 1067 2783 poetasque
1097 2732 1246 2765 omnes
1278 2715 1397 2764 illius
1436 2728 1545 2764 tem-
