1794 3100
759 186 925 232 rssls.
1506 207 1563 251 29

184 278 389 346 Corpora
412 297 513 327 cum
535 279 654 328 senis
679 278 816 329 altera
836 299 939 330 sena
962 300 1096 344 rogos
1116 301 1126 339 ;

116 355 181 404 Ut
205 374 347 422 quos,
375 355 555 404 obscuri
578 355 994 421 lusosambagibus
1020 358 1135 417 oris,
1200 386 1207 395 ι

179 432 389 496 Legimus
412 432 603 482 infandae
626 433 828 500 Sphinga
852 434 1025 484 dedisse
1048 435 1172 494 neci;

1497 453 1564 488 380

116 509 181 558 Ut
201 509 279 577 qui
299 510 512 560 Bistoniae
536 511 704 579 templo
730 512 925 562 cecidere
945 512 1188 568 Minervae}

181 589 375 658 Propter
395 590 516 658 quod
537 590 668 641 facies
691 611 811 641 nunc
836 612 1015 660 quoque
1041 605 1156 642 tecta
1181 594 1286 642 Deae
1304 605 1398 653 est;

116 670 181 717 Ut
202 667 279 734 qui
302 667 496 718 Threicii
523 670 748 737 quondam
772 672 985 738 praesepia
1006 672 1123 735 regis

180 745 397 796 Fecerunt
419 746 610 814 dapibus
634 748 975 812 sanguinolenta
998 749 1094 797 suis
1115 770 1125 809 ;

117 822 528 875 Therodamanteos
551 838 602 875 ut
626 825 703 894 qui
726 845 899 875 sensere
924 825 1097 885 leones,

1497 842 1516 877 ιθ

1519 843 1538 877 ω

1542 840 1562 875 271

180 903 363 971 Quique
385 904 630 954 Thoonteae
652 905 838 954 Taurica
859 924 980 954 sacra
1001 906 1111 954 Deae
1133 924 1144 964 ;

128 982 196 1030 Ut
211 1001 327 1048 quos
352 981 498 1049 Scylla
519 1002 677 1040 vorax,
701 982 945 1050 Scyllaeque
969 983 1151 1033 adversa
1175 984 1457 1052 Charybdis,

182 1058 402 1108 Dulichiae
426 1059 609 1127 pavidos
630 1060 831 1127 eripuere
849 1060 936 1109 rati
956 1081 966 1120 ;

117 1138 183 1187 Ut
206 1156 321 1204 quos
345 1137 515 1190 dimisit
538 1151 703 1188 vastam
731 1138 1040 1206 Polyphemus
1061 1140 1108 1188 in
1137 1139 1282 1190 alvum
1302 1161 1312 1200 3

183 1217 247 1265 Ut
268 1217 594 1284 Laestrygonias
615 1218 691 1284 qui
713 1217 890 1267 subiere
915 1217 1097 1276 domos;

117 1353 302 1392 praeterea,
316 1355 352 1383 et
363 1347 450 1383 duos
459 1361 576 1392 canes,
588 1355 697 1384 uncto
709 1348 804 1395 prius

116 1397 284 1435 cadavere
293 1400 415 1447 pingui
425 1400 546 1435 ovium
556 1408 591 1436 et
600 1401 709 1436 boum
720 1427 729 1444 ,
743 1401 804 1447 qui

117 1453 258 1489 mactati
263 1461 358 1490 sunt.
365 1453 558 1490 Dum—In
563 1457 670 1489 altum
678 1468 802 1500 rogum.

118 1507 222 1542 Altos
236 1521 336 1552 rogos
348 1521 431 1543 cum
443 1508 555 1543 tribus
569 1508 716 1554 scriptis.
734 1509 781 1543 H.

161 1560 237 1609 379.
259 1563 379 1596 Viclos
393 1564 594 1607 ambagibus
603 1565 682 1597 or1's.
691 1562 804 1597 Lusos

114 1612 297 1660 eleganter
311 1614 415 1650 Polit.
432 1615 566 1650 lib.nisi
586 1619 720 1650 vinctos
736 1628 805 1650 ma-

116 1665 180 1709 vis,
193 1673 234 1701 ut
248 1665 290 1701 ad
304 1666 482 1712 Sphingos
499 1679 634 1701 nomen
649 1666 803 1702 adludat.

159 1718 235 1754 381.
255 1718 304 1753 Ut
313 1723 378 1764 qui
384 1720 561 1755 Btktoniae.
573 1720 735 1755 Bistones
745 1733 804 1766 po-

116 1769 189 1815 puli
201 1777 286 1806 sunt
295 1771 476 1812 Thraciam
490 1771 585 1806 unde
601 1772 752 1807 Palladis
762 1772 806 1807 si-

116 1821 315 1859 mulacrum
326 1823 370 1859 ad
382 1823 666 1860 Lacedaemonios
680 1832 804 1860 trans-

116 1874 227 1921 latum
255 1884 307 1912 est
321 1903 331 1920 ,
366 1877 457 1923 apud
484 1890 571 1923 quos
593 1877 701 1923 impia
726 1878 779 1912 lex
793 1905 802 1923 ,

117 1934 417 1974 ςυειιιξενηλασίαν
426 1929 658 1975 adpellarunt‚
667 1938 718 1965 est
728 1944 804 1976 pro-

79 1986 82 1988 ’
119 1979 273 2026 mulgata
289 2007 299 2025 ‚
326 1994 373 2016 ne
396 1980 498 2017 alicui
521 1982 648 2028 hospiti
667 1983 804 2028 Spartae

118 2034 332 2068 commorari
364 2033 496 2070 liceret.
527 2035 654 2081 Spreta
683 2043 804 2070 autem

119 2083 209 2131 lege,
224 2084 364 2120 Lemnii
380 2086 544 2131 Spartam
559 2101 702 2129 venere3
718 2101 805 2134 quos

118 2136 157 2170 in
186 2136 318 2182 templo
343 2134 493 2173 Palladis
519 2139 682 2185 Spartani
706 2139 805 2176 occi-

119 2186 227 2222 dere:
252 2201 324 2233 quo
343 2188 498 2224 facinore
519 2192 650 2235 pariter
671 2199 706 2227 et
728 2191 804 2225 im-

117 2239 247 2286 pietate
274 2242 361 2277 Deae
377 2243 495 2289 imago
513 2251 612 2280 torva
635 2246 805 2291 adparere

117 2293 276 2328 creditur
287 2320 296 2338 ,
319 2301 357 2328 ut
373 2301 473 2329 vetus
488 2297 606 2331 scribit
622 2297 806 2343 interpres.

118 2347 433 2384 zua-Bmoniae.
455 2350 617 2384 Fortasse
632 2351 726 2385 Naso
743 2353 808 2386 Mi-

117 2397 265 2435 ner-vani
285 2401 478 2436 Btlrtom'am
504 2402 653 2450 adpellat
674 2430 683 2447 ,
711 2403 807 2449 quod

116 2450 175 2486 illa
190 2460 354 2497 praesset
374 2454 506 2489 militiae
523 2481 532 2498 ,
557 2456 658 2499 cujus
684 2455 809 2500 peritia

120 2503 277 2541 Thraces
294 2508 445 2542 maxime
466 2507 663 2555 gloriantur
684 2521 691 2542 :
712 2508 809 2543 unde

120 2563 158 2591 et
173 2563 321 2607 eroetn'oe
336 2566 387 2594 est
402 2559 514 2604 dicta,'
539 2567 576 2595 et
597 2552 690 2611 Ᾰρεια
705 2586 713 2603 ,
738 2561 808 2595 sive

125 2609 267 2645 Martia.
284 2611 443 2648 SALVAG.

166 2663 242 2704 482.
257 2665 450 2699 VersaDeoe
458 2673 519 2700 est.
530 2666 694 2711 Plerique
706 2673 808 2708 lecta,

123 2711 179 2748 alii
193 2720 297 2753 torta.
324 2717 377 2751 vel
394 2723 500 2753 torva.
518 2719 654 2755 HEINS.

1495 1237 1563 1283 390

915 1348 991 1383 383.
1020 1349 1068 1382 Ut
1087 1350 1155 1393 qui.
1179 1347 1374 1384 Diomedes
1396 1350 1563 1398 Tyndam

872 1402 998 1436 urbem
1022 1401 1183 1437 Thraciae
1209 1401 1326 1437 tenuit
1340 1429 1349 1446 ,
1379 1410 1418 1438 ut
1445 1405 1563 1440 scribit

872 1454 1008 1489 Plinius
1020 1481 1029 1498 ,
1046 1455 1104 1489 ubi
1123 1467 1232 1500 equos
1248 1455 1341 1490 feros
1352 1457 1484 1492 catenis
1498 1457 1564 1493 de·-

871 1507 1007 1542 vinctos
1024 1507 1130 1542 aeneis
1142 1534 1151 1551 ,
1172 1508 1379 1553 corporibus
1397 1509 1564 1546 humanis

872 1560 984 1595 alebat
1001 1573 1008 1595 :
1026 1573 1086 1595 eos
1103 1560 1276 1596 Hercules
1289 1561 1425 1596 sustulit
1439 1588 1449 1606 ,
1468 1563 1565 1607 jussu

872 1611 1062 1659 Eurysthei
1079 1627 1087 1648 ε
1105 1612 1326 1661 Eurystheus
1340 1614 1488 1649 sacravit
1499 1615 1562 1650 Ju-

871 1665 958 1699 noni
977 1678 985 1700 2
1000 1678 1125 1700 eorum
1140 1678 1250 1711 genus
1268 1672 1499 1712 propagatum
1512 1674 1565 1702 est

872 1730 982 1762 usque
1010 1718 1053 1752 ad
1082 1717 1325 1753 Alexandrum
1354 1718 1530 1764 Magnum
1552 1747 1562 1764 ,

872 1770 899 1803 si
918 1769 1081 1804 Diodoro
1099 1769 1288 1805 credimus.
1302 1769 1407 1805 Dom.

918 1822 995 1857 385.
1027 1824 1342 1858 Therodamanteos.
1371 1822 1566 1858 Theroda-

871 1876 966 1918 masl,
985 1888 1046 1909 rex
1056 1874 1209 1922 Scythiae
1222 1901 1230 1918 ‚
1242 1875 1329 1909 sicut
1343 1882 1443 1910 vetus
1461 1875 1565 1911 docet

873 1927 1048 1972 interpres
1067 1954 1076 1971 ‚
1106 1928 1235 1961 timens
1262 1940 1306 1961 ne
1334 1940 1398 1972 per
1424 1927 1567 1963 insidias

872 1979 1095 2014 occideretur
1108 2007 1118 2023 ,
1138 1980 1258 2015 leones
1275 1979 1463 2014 hominum
1481 1994 1565 2016 san—

873 2033 978 2079 guine
998 2033 1110 2067 alebat
1126 2059 1135 2075 ‚
1163 2045 1235 2077 quo
1249 2033 1360 2079 magis
1376 2033 1563 2068 saevirent:

874 2093 913 2120 ut
928 2086 955 2120 si
971 2099 1068 2121 casus
1086 2086 1297 2131 postularet,
1317 2086 1358 2121 ad
1373 2086 1564 2121 crudelita-

873 2145 945 2173 tem
958 2146 1096 2184 paratos
1103 2138 1258 2173 haberet.
1270 2139 1388 2184 Hujus
1398 2139 1434 2172 in
1447 2139 1564 2183 primo

874 2190 917 2225 de
931 2191 1048 2225 Ponto
1059 2190 1166 2225 ovid.
1177 2191 1242 2236 Ep.
1253 2190 1561 2234 11‚121,meminit:

875 2259 891 2274 «
912 2244 991 2279 Non
1006 2243 1068 2278 tibi
1084 2244 1327 2278 Therodamas
1340 2270 1349 2286 ,
1363 2244 1563 2288 crudusque

874 2297 1214 2340 vocabiturAtreus,
1235 2295 1382 2341 Quique
1397 2297 1476 2330 suis.
1492 2311 1508 2326 »
1523 2297 1563 2331 Z.

873 2368 917 2376 —-
928 2353 1128 2394 Quipaoere
1144 2353 1258 2385 leones
1275 2351 1395 2385 Patav.
1421 2352 1566 2384 Vinum

874 2416 967 2438 unus
980 2404 1018 2437 M
1024 2404 1109 2438 edic.
1124 2404 1291 2438 Heinsius
1297 2416 1422 2447 parere
1434 2411 1566 2448 praetu-

875 2457 934 2491 lit:
948 2457 1008 2492 sed
1021 2457 1086 2492 hoc
1100 2465 1193 2492 recte
1206 2457 1365 2491 leonibus
1376 2457 1564 2500 convenit,

875 2522 948 2544 non
969 2522 1068 2554 aeque
1089 2514 1220 2553 sacris,
1243 2522 1319 2554 quae
1342 2522 1413 2543 non
1432 2511 1564 2554 pavisse

876 2575 954 2596 reos
965 2589 974 2604 ,
993 2569 1052 2596 aut
1065 2562 1184 2596 noxios
1198 2561 1265 2596 dici
1277 2569 1421 2607 possunt
1435 2575 1442 2596 :
1456 2574 1564 2606 quare

876 2626 941 2659 ego
965 2626 1098 2647 sensere
1119 2613 1264 2658 reduxi,
1291 2613 1386 2658 quod
1409 2616 1566 2657 utrisque

876 2666 1050 2710 congruit.

922 2719 997 2766 390.
1012 2717 1091 2753 Aut
1097 2720 1349 2766 sttrygonias
1364 2721 1426 2763 qui
1438 2719 1569 2753 subiere
