1794 3100
246 276 323 318 132
680 277 730 318 P.
768 275 1003 320 OV1D11
1040 276 1212 319 VITA

238 365 500 413 obtinuerat.
526 366 729 414 Profecto
740 359 877 432 'quum
891 364 1172 417 decemviratus
1190 367 1260 416 ille
1275 387 1365 416 non
1379 369 1513 418 fucrit
1530 370 1653 437 equi-

238 444 359 492 tibus
380 443 587 509 proprius
611 444 776 500 honos,
799 444 874 492 sed
896 443 983 492 illis
997 444 1127 492 modo
1147 444 1273 493 datus
1287 481 1299 502 ,
1321 445 1395 511 qui
1417 446 1462 493 in
1481 458 1656 495 senatus

238 540 359 588 spem
388 520 640 577 alebantur3
673 521 733 569 ita
757 532 799 570 et
825 522 945 586 jura,
973 540 1068 587 quae
1089 521 1235 588 ipsum
1259 523 1556 589 sequebantur
1584 522 1654 572 de-

234 599 485 647 cemvae'ratum
505 638 516 654 ‚
560 593 806 647 debuerunt
839 599 892 646 ad
933 600 1177 648 senatorios
1211 600 1402 649 honores
1429 600 1652 667 spectare.

234 676 391 723 Paucis
407 714 417 732 ,
443 676 798 742 quandoquidem
822 675 1085 741 illi.juvencs
1108 677 1198 725 lato
1224 677 1369 725 induti
1391 677 1513 726 clavo
1542 677 1655 726 dice—

233 753 396 800 bantur
417 754 607 801 senatorz'i
629 752 779 801 ordinis
797 792 808 809 ,
850 753 932 801 etsi
967 753 1166 801 nondum
1199 755 1245 801 in
1281 766 1432 802 senatu
1467 753 1656 803 honorem

235 829 512 893 cupesstssent,
539 830 605 876 uti
620 829 800 876 Tacitus
822 835 829 853 ¹
849 828 1046 895 loquitur
1068 830 1120 877 de
1137 825 1258 878 Julio
1274 831 1500 887 Montano,
1527 839 1657 896 quem

233 906 511 954 Suetonius²
538 906 779 954 lati'clavtum
800 918 947 960 vocat;
972 906 1136 953 idcirco
1158 905 1327 954 nullum
1348 918 1416 954 est
1439 906 1623 954 dubium
1640 944 1652 964 ,

234 982 342 1048 quin
363 982 497 1030 iidem
516 982 694 1045 juribus
713 981 918 1029 senatorii
939 981 1106 1028 ordinis
1131 982 1405 1038 fruerentur,
1424 999 1504 1028 nec
1523 981 1657 1029 modo

231 1060 470 1126 privilegiis
488 1059 668 1108 alterius
681 1059 901 1107 inferioris
921 1051 1115 1117 ordinis,
1142 1058 1194 1106 ad
1213 1077 1341 1124 quem
1361 1077 1451 1106 non
1468 1042 1671 1125 amplius

233 1139 491 1186 attinebant

302 1217 515 1264 Caeterum
538 1233 674 1281 quum
695 1215 883 1263 Ovidius
898 1252 910 1272 ‚
929 1228 1063 1282 prout
1080 1235 1181 1263 mox
1200 1215 1488 1281 probabimus
1501 1252 1513 1272 ‚
1534 1233 1657 1281 spem

235 1305 411 1342 senatus
435 1304 593 1359 sponte
617 1292 824 1356 abjecerit
837 1330 849 1350 ,
874 1310 922 1338 ac
940 1291 996 1340 ad
1014 1302 1246 1354 angustum
1266 1291 1432 1340 clavum
1451 1291 1629 1340 redierit
1642 1330 1654 1349 ,

234 1369 492 1436 priusquam
509 1368 651 1415 ullum
668 1368 713 1414 in
732 1368 830 1434 ipso
852 1380 1003 1416 senatu
1020 1369 1278 1434 capessisset
1293 1369 1508 1434 honorem
1525 1387 1535 1425 ;
1555 1367 1658 1416 hinc

234 1448 452 1510 ambigere
476 1445 602 1503 licet,
628 1465 734 1493 num
753 1458 906 1512 postea
923 1446 1080 1493 iterum
1101 1443 1326 1511 equitibus
1349 1457 1658 1495 annumeratus

230 1526 326 1590 jure
353 1523 667 1572 decemviratus
698 1523 882 1570 anteacti
911 1522 1108 1587 potuerit
1145 1523 1191 1569 in
1218 1521 1420 1571 orchestra
1447 1533 1655 1589 spectare.

234 1604 334 1650 Hoc
360 1600 444 1666 ipsi
467 1599 642 1647 licuisse
665 1597 790 1646 facile
813 1615 904 1645 non
930 1610 997 1646 est
1018 1598 1199 1646 definita
1218 1618 1227 1655 ;
1249 1597 1459 1647 nec-mihi
1485 1597 1659 1664 quidem

234 1677 464 1728 verisimile
501 1677 583 1732 fit;
615 1675 779 1742 quippe
812 1676 888 1741 qui
921 1675 1088 1723 videam
1107 1713 1118 1733 ,
1154 1678 1407 1739 Augustum
1442 1676 1523 1733 iis,
1549 1685 1661 1741 quos

236 1758 365 1806 etiam
393 1756 445 1803 ad
470 1774 515 1803 se
540 1766 692 1803 senatu
716 1753 985 1801 abdicandos
1009 1753 1258 1818 compulerat
1273 1792 1285 1809 ,
1313 1752 1433 1801 velut
1453 1751 1661 1819 peculiari

236 1832 512 1895 indulgentia
534 1836 749 1879 servavisse
766 1831 918 1895 inszgene
935 1831 1059 1878 vestis
1078 1869 1088 1885 ‚
1115 1840 1155 1877 et
1173 1829 1384 1895 spectandi
1398 1830 1438 1876 in
1456 1829 1660 1878 orchestra

236 1903 504 1977 epulandique
528 1908 691 1973 publice
714 1909 786 1974 jus
811 1906 841 1954 ³.
868 1908 1031 1954 Verum
1059 1905 1170 1954 nihil
1193 1905 1312 1972 apud
1341 1906 1552 1954 Ovidium
1583 1925 1660 1955 oc-

239 1989 403 2044 currit,
429 1987 547 2052 quod
572 1985 702 2033 nobis
723 1995 896 2050 tempus
918 1983 1029 2031 illud
1047 1984 1221 2041 innuat,
1246 2002 1334 2049 quo
1352 1983 1439 2048 jam
1461 1996 1658 2033 senatum

240 2066 491 2130 ejuravcrat.
1572 2071 1575 2074 '

303 2142 505 2191 Alterum
528 2159 629 2187 vero
654 2140 774 2205 quod
797 2140 952 2187 attinet
967 2176 978 2196 ,
1004 2138 1080 2204 qui
1102 2137 1307 2186 tribunatu
1326 2137 1409 2186 sub
1427 2138 1551 2187 Julio
1571 2139 1671 2186 Cae---

240 2240 333 2271 sare
355 2221 401 2267 in
424 2217 544 2266 bello
567 2215 775 2265 Africano
799 2227 952 2263 contra
973 2214 1132 2262 Jubam
1154 2213 1333 2261 functus
1356 2225 1471 2270 erat,
1494 2214 1659 2279 is‘pro-

240 2299 344 2347 inde
367 2305 405 2351 ἐς
427 2301 605 2357 βουλείας
630 2297 764 2341 ἐλπίδα
785 2294 825 2340 in
851 2310 959 2356 spem
982 2280 1199 2338 senatoria·
1222 2289 1426 2355 dzgtm'lalts
1457 2289 1660 2338 tribunus

239 2376 348 2431 fuit,
376 2387 426 2422 ut
458 2373 547 2420 Dio
584 2371 636 2418 de
669 2369 790 2418 Julio
830 2367 1041 2416 Caloastro
1074 2367 1271 2432 loquitur
1293 2404 1305 2424 ,
1339 2377 1469 2432 atque
1506 2367 1660 2415 militia

241 2464 472 2518 promotus
495 2461 560 2497 est
593 2447 646 2495 ad
676 2459 899 2501 senatum;
928 2443 1292 2511 quemadmodum
1317 2454 1359 2490 et
1394 2442 1491 2492 aliis
1519 2445 1660 2493 conti-

245 2529 358 2591 gisse
379 2527 507 2594 plura
531 2526 689 2573 docent
710 2522 906 2589 exempla
930 2522 1090 2588 passim
1111 2521 1157 2567 in
1181 2519 1362 2569 historia
1386 2520 1492 2569 satis
1516 2521 1656 2569 obvia.

287 2663 296 2682 ¹
324 2660 449 2695 Annal.
465 2659 521 2693 lib.
542 2659 653 2702 XIII,
672 2671 743 2702 cap.
763 2659 814 2691 25.

284 2715 299 2734 ¹
323 2715 364 2748 In
381 2714 463 2753 Ner.
481 2726 552 2757 cap.
573 2713 622 2745 26.

282 2768 296 2789 ³³
320 2769 462 2805 sueton.
483 2767 517 2802 in
539 2768 625 2811 Aug.
643 2780 715 2811 cap.
735 2767 798 2808 35;
824 2765 890 2800 vid.
911 2771 944 2799 et
963 2763 1068 2798 Dion.
1083 2761 1140 2797 lib.
1163 2762 1259 2805 LIV,
1280 2773 1354 2806 pag.
1376 2760 1449 2794 531.
