1794 3100
529 193 616 236 ET
651 190 1159 236 PRAEFAT-loNEs.
1484 193 1571 252 309

134 289 292 355 injuria
325 307 336 336 ι
367 304 505 354 eaque
527 284 731 335 locorum
753 285 870 333 inter
892 303 938 334 se
968 284 1239 351 comparatio
1260 320 1272 341 ,
1303 284 1390 332 nisi
1418 283 1571 342 fallor,

127 367 264 417 'vobis
286 366 491 416 *erit-,non
515 364 767 430 injucunda.
795 366 918 413 Istuc
940 376 1087 412 autem
1117 362 1238 430 quod
1261 381 1483 412 armorum
1503 363 1573 429 ju·

139 446 302 495 dicium
331 457 599 494 vocaverunt
615 482 628 502 ,
654 443 779 493 valde
811 443 915 491 olim
947 442 1187 510 probatum
1218 441 1575 509 celebratumque

137 525 223 574 fuit
256 525 618 590 :Caesaremque
630 523 777 590 ipsum
802 522 1057 585 Augustum
1080 522 1127 569 in
1156 540 1207 570 eo
1234 540 1391 585 genere
1414 520 1572 569 lusisse

134 603 263 668 jocus
297 601 418 651 illius
446 601 639 659 indicat,
671 620 802 667 quem
832 600 965 649 refert
993 599 1253 648 Macrobius
1289 598 1362 648 his
1395 598 1573 647 verbis:

142 700 165 723 «
192 679 372 745 Ajacem
389 678 647 741 tragoediam
672 677 932 743 scripserat,
951 694 1157 743 eamque,
1180 675 1298 743 quod
1320 675 1407 723 sibi
1421 674 1577 741 displi-

141 781 164 802 »
190 759 376 816 cuisset,
411 757 641 807 deleverat.
666 757 828 806 Postea
860 756 1049 814 Lucius,
1082 755 1227 819 gravis
1259 753 1574 818 tragoediarum

141 859 164 881 »
192 849 349 887 auctor
367 876 380 896 ,
415 856 514 886 eum
548 836 836 900 interrogavit
853 873 865 892 ,
893 835 1001 902 quid
1033 846 1181 898 ageret
1213 834 1325 899 Ajax
1353 853 1462 883 suus
1488 853 1497 881 :
1523 834 1577 881 In

139 936 164 958 ³»
191 914 447 981 spongiam,
467 912 637 980 inquit,
657 911 873 960 incubuit.
892 933 914 955 »
936 913 1150 961 Praeterea
1165 910 1342 959 nobiles
1356 910 1572 977 pictores,

139 1004 192 1040 ut
208 1004 315 1040 sunt
332 991 498 1055 gemini
518 991 713 1055 germani
735 1001 968 1057 poetarum
989 988 1112 1054 (ἔστὶ
1129 989 1211 1050 yde
1231 989 1440 1050 ζωγραφία
1465 989 1578 1036 ποίη-

140 1093 196 1124 σις
222 1075 409 1120 σιωπῶ-ει
424 1110 436 1130 ,
464 1072 615 1123 ποίησις
641 1069 696 1117 6⁸3
717 1072 788 1128 ξω)
802 1069 921 1132 ραφιά
947 1070 1131 1117 λαλοῦσαι
1148 1070 1169 1134 )
1188 1107 1199 1126 ,
1229 1069 1275 1116 in
1300 1088 1351 1117 eo
1378 1087 1424 1117 se
1448 1087 1578 1132 argu-

141 1161 291 1198 mento
314 1149 504 1198 libenter
526 1160 837 1206 exercuerunt,
863 1166 1057 1213 suasque
1081 1145 1254 1195 tabulas
1276 1146 1330 1195 iis
1349 1146 1578 1195 coloribus

141 1225 415 1275 inusserunt.
438 1225 718 1273 Timanthem
736 1234 780 1272 et
798 1223 1081 1273 Parrhasium
1104 1234 1266 1283 testor,
1290 1243 1484 1290 quorum
1503 1222 1577 1271 hic

143 1302 290 1361 Sami,
314 1303 485 1366 magnis
508 1301 732 1365 suffragiis
749 1340 761 1361 ,
794 1314 846 1350 ut
866 1301 1040 1350 Plinius
1072 1300 1291 1369 loquitur,
1318 1301 1373 1350 ab
1404 1300 1507 1360 illo,
1532 1301 1578 1349 in

142 1380 276 1445 Ajace
307 1398 619 1446 armorumque
652 1379 820 1444 judicio
846 1391 1103 1446 superatus,
1137 1378 1284 1427 herois
1304 1378 1509 1436 nomine,
1534 1397 1580 1427 se

142 1455 327 1505 moleste
347 1456 461 1505 ferre
485 1456 680 1514 dicebat,
705 1455 826 1523 quod
844 1455 1005 1505 iterum
1020 1454 1075 1504 ab
1090 1454 1275 1519 indigno
1288 1454 1430 1504 victus
1449 1467 1575 1504 esset.

143 1536 298 1602 Itaque
329 1535 378 1583 in
411 1554 462 1584 eo
484 1537 684 1584 carmine
707 1553 788 1584 nec
813 1554 949 1602 opera
975 1554 1070 1584 mea
1094 1555 1174 1584 nec
1198 1547 1340 1583 vestra
1363 1534 1543 1584 ludetur
1566 1555 1575 1583 :

142 1632 222 1662 nec
243 1614 282 1662 si
305 1614 494 1681 propior
517 1613 658 1681 stylus
674 1614 749 1662 hic
772 1633 905 1681 quam
924 1615 1146 1663 cothurno
1161 1652 1172 1673 ,
1192 1614 1321 1663 vobis
1344 1614 1476 1662 vilior
1500 1614 1578 1662 ha-

141 1691 351 1739 bebitur:
372 1690 460 1740 nisi
474 1692 589 1740 forte
606 1692 823 1758 quosdam
839 1691 897 1739 ab
921 1690 1074 1740 Ovidii
1088 1690 1278 1740 lectione
1298 1691 1481 1739 abducit
1496 1691 1578 1739 Se-

142 1786 259 1818 necae
281 1767 568 1835 philosophi,
593 1779 638 1816 et
659 1767 786 1816 Fabii
808 1767 1000 1816 rhetoris
1024 1767 1288 1825 auctoritas,
1315 1767 1392 1834 qui
1414 1767 1580 1816 Ovidio

143 1867 236 1897 non
265 1847 456 1897 multum
491 1842 725 1906 tribuunt,
754 1847 844 1897 sive
874 1849 1028 1915 potius
1055 1848 1299 1915 plurimum
1328 1848 1578 1896 detrahunt.

144 1927 286 1976 Fabio
304 1927 454 1995 prius,
479 1926 699 1994 posterius
714 1927 886 1976 Senecae
907 1926 1205 1993 respondebo.
1228 1926 1414 1985 Fabius,
1435 1925 1482 1974 in
1499 1925 1580 1974 lib.

147 2007 191 2054 Χ
211 2006 549 2055 Institutionum
569 2006 879 2054 Oratoriarum
895 2045 904 2063 ‚
929 2023 1023 2071 cap.
1059 2023 1077 2051 1
1100 2042 1111 2062 ,
1136 2003 1218 2053 uhi
1240 2004 1296 2061 de
1317 2004 1361 2052 vi
1378 2016 1421 2053 et
1443 2004 1580 2052 facul-

149 2095 235 2134 tate
250 2095 479 2151 poetarum
497 2083 729 2150 utriusque
749 2083 908 2147 linguae
925 2083 1120 2142 disserit,
1140 2084 1201 2133 ita
1216 2083 1270 2133 de
1290 2084 1455 2132 Ovidio
1474 2104 1583 2152 pro-

146 2162 325 2212 nuntiat
345 2181 355 2209 :
375 2184 398 2205 «
413 2161 622 2211 Lascivus
638 2161 686 2209 in
702 2161 893 2210 heroicis
909 2181 1085 2229 quoque
1107 2161 1319 2220 Ovidius,
1335 2174 1380 2211 et
1391 2163 1583 2211 nimium

149 2263 172 2284 »
197 2251 367 2290 amator
379 2239 546 2303 ingenii
561 2238 643 2288 sui.
664 2262 687 2281 n
699 2241 792 2288 Nec
809 2239 966 2306 procul
984 2241 1089 2289 hinc
1109 2260 1118 2288 :
1142 2262 1163 2285 «
1181 2240 1372 2289 Ovidius
1394 2253 1584 2306 utroque

148 2318 171 2360 ἰ)
198 2317 259 2380 (T
259 2316 403 2366 ibullo
417 2329 461 2366 et
474 2317 736 2383 Propertio)
747 2317 966 2368 lascivior.
982 2342 1005 2362 ›>
1017 2320 1083 2367 Ac
1098 2317 1234 2386 paulo
1248 2331 1352 2385 post
1367 2339 1377 2366 ε
1397 2340 1419 2361 «
1434 2317 1587 2367 Ovidii

150 2419 172 2439 n
197 2397 355 2446 Medea
371 2397 438 2462 (id
452 2396 676 2460 tragoediae
690 2400 875 2459 nomen)
886 2398 1060 2447 videtur
1072 2398 1183 2446 mihi
1194 2397 1427 2446 ostendere
1440 2416 1585 2464 quan-

151 2499 174 2520 »
202 2489 298 2525 tum
319 2477 387 2524 vir
404 2475 479 2525 ille
501 2487 707 2543 praestare
727 2477 950 2542 potuerit,
977 2477 1013 2525 si
1037 2489 1279 2544 temper-are
1296 2476 1476 2540 ingenio
1503 2496 1584 2525 suo

150 2576 173 2597 υ
201 2573 334 2621 quam
354 2554 588 2618 indulgere
610 2552 852 2602 maluisset.
879 2577 902 2598 »ι
925 2555 1056 2602 Amat
1077 2553 1303 2617 ingenium
1323 2572 1453 2602 suum
1473 2553 1588 2603 Ovi-

149 2631 250 2680 dius
271 2651 282 2681 :
306 2651 516 2696 magnum
535 2632 719 2690 crimen,
746 2642 788 2679 et
805 2631 862 2679 ad
881 2629 1079 2680 tribunal
1093 2633 1143 2679 L.
1170 2630 1312 2680 Cassii
1335 2632 1585 2698 quaesitoris

150 2708 467 2761 deferendum?
492 2710 660 2760 Mirum
678 2748 688 2767 ‚
719 2709 766 2758 ni
786 2709 928 2758 oderit
953 2729 962 2758 ε
988 2727 1111 2758 more
1129 2707 1363 2760 hominum
1382 2709 1515 2769 facit,
1545 2722 1589 2760 et
