1794 3100
593 235 724 279 PER
757 237 801 278 J.
838 235 1136 280 MASSON.
1496 243 1581 284 215

148 327 380 396 tepenti-e
397 328 657 378 nominibus
673 366 686 386 ‚
705 348 761 377 ne
779 327 869 377 illis
889 329 1112 393 ingratum
1134 330 1250 379 foret
1270 331 1486 391 officium,
1508 346 1586 383 aut

146 416 326 455 noceret
348 424 360 463 ;
380 404 550 470 (Trist.
578 403 658 454 lib.
682 401 779 463 ΙΙΙ,
813 404 936 467 Eieg.
964 418 1045 462 111,
1072 426 1182 455 vers.
1211 405 1492 465 63-6831ih.
1529 412 1585 468 V,

145 483 273 548 Eleg-
311 496 393 543 IX,
425 503 536 534 vers.
565 482 746 546 31-343
774 502 826 533 ex
850 484 999 533 Ponto
1021 484 1099 533 lib.
1126 487 1219 545 ΙΙΙ,
1254 488 1338 554 Ep.
1365 500 1444 543 VI,
1470 507 1581 537 vers.

147 559 334 626 45-55)
362 561 537 610 tandem
560 561 646 610 hoc
669 580 788 609 anno
817 573 964 628 aperte
994 561 1129 628 coepit
1152 561 1242 611 illis
1276 562 1488 629 epistolas
1512 565 1585 612 in-

147 638 338 689 scribere
351 676 364 697 ,
389 659 500 706 quas
517 652 570 688 lv
588 639 717 698 libri,
736 658 793 689 esc
810 639 948 688 Ponto
965 639 1013 688 in
1026 641 1336 690 vetustissimis
1355 642 1584 692 codicibus

147 714 255 764 dicti
267 754 280 776 .
301 715 674 783 complectuntur.
714 717 783 764 De
821 735 1013 783 quorum
1046 715 1176 766 titulo
1218 717 1493 785 discrepante
1527 719 1583 768 ab

145 791 226 843 illo
248 794 420 863 quinque
440 793 667 861 priorum,
688 794 753 843 sic
776 794 858 843 lib.
886 798 909 844 Ι
924 832 936 853 ,
962 795 1104 862 Epist.
1129 809 1147 845 1
1162 834 1174 853 ‚
1197 814 1308 846 vers.
1341 796 1514 846 15-20:

363 893 528 929 Invenies
538 919 548 937 ,
567 894 727 940 quamvis
740 907 815 929 non
830 902 883 930 est
899 894 1104 930 miserabilis
1118 895 1224 930 index
1236 921 1246 938 ‚

415 954 498 990 Non
513 955 632 991 minus
647 955 715 991 hoc
728 954 884 1002 (opere)
898 956 957 991 illo
974 956 1070 992 triste
1083 983 1092 1001 ‚
1108 957 1203 1002 quod
1218 964 1299 992 ante
1316 956 1409 992 dedi.

367 1017 487 1052 Rebus
503 1016 598 1052 idem
613 1043 622 1060 ,
638 1020 735 1052 titulo
751 1017 893 1063 dffirt:
910 1025 946 1054 et
962 1018 1116 1064 Epistola
1133 1019 1189 1054 cui
1204 1018 1248 1058 sit

411 1078 497 1114 Non
512 1078 684 1114 occultato
699 1079 845 1115 nomine
862 1080 964 1115 missa
981 1080 1081 1116 docet
1093 1106 1103 1123 ,
1121 1086 1186 1115 etc.

148 1157 314 1225 quibus
327 1157 489 1206 addere
507 1157 635 1206 lubet
654 1158 783 1207 hasce
802 1159 1013 1227 epistolas
1032 1160 1184 1209 ordine
1207 1161 1418 1228 temporis
1444 1160 1583 1210 editas

145 1253 238 1284 non
256 1252 350 1284 esse
366 1272 379 1294 ‚
410 1234 604 1302 ipsomet
622 1234 786 1284 fatente
802 1274 814 1294 ‚
841 1235 919 1285 lib.
940 1239 1032 1295 III,
1058 1239 1143 1304 Ep.
1171 1250 1244 1296 lx,
1269 1258 1377 1286 vers.
1403 1237 1549 1286 51-53
1573 1260 1584 1288 :

366 1334 442 1371 Nec
454 1332 544 1370 liber
558 1340 599 1370 ut
613 1334 715 1370 fieret
725 1361 735 1378 ,
755 1335 818 1370 sed
833 1335 884 1370 uti
899 1348 961 1371 sua
976 1336 1099 1382 cuique
1117 1336 1261 1371 daretur

408 1396 526 1432 Litera
537 1423 547 1441 ‚
569 1397 787 1442 propositum
801 1409 956 1443 curaque
971 1405 1091 1433 nostra
1105 1397 1192 1433 suit:

365 1457 561 1494 Postmodo
577 1458 752 1501 collectas,
772 1465 963 1504 utcumque
980 1460 1055 1495 sine
1073 1459 1196 1495 ordine
1209 1487 1218 1504 ,
1237 1460 1345 1505 junxi.

211 1535 411 1587 Primum
433 1537 613 1604 quidem
636 1536 807 1601 librum
829 1538 971 1587 Bruto
994 1539 1295 1597 transmittens
1310 1579 1321 1600 ,
1340 1541 1401 1588 ait
1423 1541 1507 1607 Ep.
1529 1554 1547 1589 1
1568 1562 1579 1590 ε

362 1635 457 1671 Naso
471 1635 671 1671 Tomitanae
687 1636 761 1681 jam
775 1650 842 1671 uon
859 1651 964 1672 novus
980 1637 1093 1672 incola
1110 1645 1213 1673 terrae

410 1697 491 1733 Hoc
506 1697 570 1732 tibi
585 1697 629 1733 de
647 1697 772 1733 Getico
789 1698 891 1734 litore
913 1699 1021 1734 mittit
1037 1712 1134 1745 opus.

143 1776 352 1832 Attamen
376 1783 521 1850 Epist.
552 1797 590 1832 11
615 1783 756 1832 Fabio
781 1783 1006 1839 Maximo,
1033 1783 1211 1852 hyemem
1233 1784 1368 1833 modo
1391 1795 1574 1852 quartum

145 1859 285 1910 exsilii
301 1873 543 1919 memorat,
565 1879 673 1911 vers.
705 1879 762 1927 27
790 1874 834 1911 et
859 1863 949 1909 28:

367 1961 439 1996 Hic
453 1973 513 1996 me
530 1968 747 2007 pugnantem
765 1974 846 1996 cum
861 1960 991 2007 frigore
1005 1988 1014 2006 ,
1031 1975 1183 2007 cumque
1203 1961 1333 2008 sagittis
1347 1989 1358 2005 ,

409 2021 575 2068 Cumque
592 2036 673 2058 meo
688 2023 761 2058 fato
773 2049 782 2066 ,
799 2028 919 2068 quarla
934 2022 1054 2068 fatigat
1070 2025 1196 2070 hyems.

147 2119 280 2175 atque
310 2109 395 2174 Ep.
429 2120 522 2156 VIII
544 2117 779 2156 autumnum
805 2107 956 2156 itidem
983 2117 1170 2174 quartum
1198 2107 1287 2173 jam
1316 2107 1478 2155 initum
1507 2107 1579 2155 in-

148 2185 288 2244 dicat,
313 2203 423 2234 vers.
450 2202 508 2250 27
536 2196 580 2232 et
604 2183 665 2231 28
686 2204 697 2232 ε

366 2283 419 2319 Ut
434 2295 538 2318 careo
555 2282 652 2317 vobis
668 2282 804 2330 Stygias
821 2282 983 2317 detrusus
998 2283 1034 2317 in
1053 2295 1130 2316 oras
1141 2309 1150 2324 ‚

414 2346 568 2388 Quatuor
580 2350 758 2378 autumnos
775 2342 888 2378 Pleias
904 2350 979 2378 orta
997 2343 1087 2377 sacit.

151 2429 314 2498 quibus
338 2429 524 2494 hujusce
546 2427 650 2476 anni
668 2438 885 2476 autumnus
909 2447 958 2476 ac
982 2428 1257 2493 subsequens
1281 2425 1417 2495 hyems
1441 2427 1580 2474 mani--

148 2507 259 2556 feste
288 2505 586 2568 designantur.
631 2504 807 2553 Etenim
844 2523 981 2571 quum
1020 2504 1209 2552 Ovidius
1246 2512 1440 2551 autumno
1477 2506 1582 2552 anni

150 2586 206 2632 U.
234 2585 284 2633 C.
314 2595 503 2633 Dchxll
525 2585 670 2632 Roma
698 2581 971 2636 discesserit,
995 2592 1161 2648 quartus
1185 2582 1239 2629 ab
1265 2581 1343 2629 illo
1370 2592 1587 2630 autumnus

149 2662 305 2729 nequit
326 2661 438 2711 alius
453 2700 464 2720 ,
492 2673 786 2729 praeterquam
803 2661 988 2726 hujusce
1005 2660 1107 2709 anni
1124 2697 1136 2717 ‚
1163 2661 1207 2708 in
1234 2679 1324 2727 quo
1343 2678 1587 2716 versamur,

150 2738 351 2804 intelligi.
374 2740 476 2788 Hoc
495 2750 640 2787 autem
661 2737 760 2786 loco
780 2739 945 2786 Noster
961 2748 1091 2787 notat
1107 2747 1343 2786 autumnum
1361 2755 1441 2803 per
1458 2746 1589 2784 ortum
