1794 3100
430 211 434 214 ,
478 159 570 204 DE
599 159 652 203 P.
690 153 951 203 ovlmo
982 155 1279 200 NASONE.
1505 155 1594 218 [¹07

170 255 372 309 quta.
403 253 568 294 Parisiis
583 282 596 303 ,
619 267 669 292 em
694 239 854 303 ‹gfficina¹
886 252 1140 292 Ascensiana.
1170 250 1331 289 MDIX.
1365 250 1407 289 in
1426 273 1450 280 —
1465 250 1523 301 4⁰.
1543 273 1598 282 -

159 322 328 378 Pouet,
350 327 445 361 tom.
461 319 570 369 VII.
615 334 675 375 ag.
696 316 788 373 537.

165 417 170 430 2
224 390 388 435 Ovidius
409 390 586 431 deFastis
598 405 666 442 per
688 391 867 430 Faustum
881 389 1105 444 recognitus
1125 396 1414 442 annotatusque.
1436 390 1482 427 ln
1496 388 1596 428 fine:

171 478 191 498 κ
217 461 262 500 Ρ.
299 459 430 501 Ovidii
463 458 628 500 Nasonis
652 475 662 498 :
684 456 771 497 libri
801 456 895 496 sexti
925 465 964 496 et
984 451 1109 496 ultimi
1136 456 1233 496 finis.
1267 455 1467 496 Parthisiis
1493 484 1505 505 ‚
1539 457 1598 495 Μ.

138 567 141 569 ,
167 526 345 568 CCCCC.
362 527 438 566 IX.
459 526 645 578 Impensis
665 524 852 565 ,Iohannis
867 524 982 564 Petit.
1002 523 1152 564 Venalis
1176 528 1232 563 est'
1251 523 1313 563 hic
1334 522 1429 562 liber
1449 522 1491 562 in
1512 522 1599 563 vico

169 593 298 636 sancti
311 593 447 634 Jacobi
464 622 476 642 ‚
501 601 574 633 etc.
595 611 615 628 »
633 592 758 642 iri—4⁰.
776 615 831 623 —
843 590 995 631 Prodiit
1015 591 1097 631 haec
1114 590 1174 631 ed.
1197 604 1241 630 ex
1265 589 1416 630 officina
1444 589 1596 630 Nicolai

164 660 370 703 Pratensis.
393 657 536 700 Panzer
551 689 562 710 ‚
585 667 682 700 tom.
703 660 765 708 X,
788 673 871 714 pag.
895 657 934 706 4.

828 753 944 794 1510.

201 843 396 896 'Epistole
427 843 618 884 Heroides
652 843 827 898 diligenti
859 842 1104 905 castigatione
1141 841 1289 881 exculte
1317 839 1594 893 aptissimisque

163 908 297 964 figuris
317 917 475 950 ornate:
501 908 841 950 commentantibus
864 909 958 948 Ant.
977 908 1124 949 Volsco
1144 916 1183 947 et
1194 906 1387 947 Ubertino
1400 906 1594 946 Crescen—

164 978 283 1018 tinate
295 1006 308 1027 ‚
328 978 370 1018 in
389 977 477 1018 Ibin
496 992 588 1020 vero
606 977 782 1018 Domitio
799 977 1004 1018 Calderino
1020 985 1058 1017 et
1074 975 1315 1017 Christosero
1339 976 1501 1022 Zaroto‚
1520 981 1595 1013 etc.

166 1045 215 1084 In
231 1038 306 1084 fine
328 1060 338 1085 :
368 1062 389 1080 α
413 1046 643 1097 Impressum
674 1044 845 1086 Venetiis
873 1058 940 1096 per
975 1046 1164 1084 Joannem
1191 1041 1405 1083 Tacuinum
1430 1041 1476 1080 de
1498 1039 1597 1080 Tri-

165 1110 271 1152 dino.
293 1110 416 1152 Anno
430 1110 593 1152 Domini
612 1113 672 1151 M.
688 1112 743 1150 D.
763 1112 817 1150 X.
841 1112 901 1151 die
925 1123 1011 1151 xxx
1030 1111 1138 1151 Julii.
1163 1129 1183 1147 ι»
1210 1110 1336 1151 in-fol.
1351 1132 1407 1141 —-
1425 1111 1565 1150 Panzer
1579 1136 1592 1157 .,

162 1185 259 1221 tom·
284 1179 392 1220 VIII
405 1207 418 1228 ‚
439 1192 525 1233 pag.
545 1177 638 1226 402.

217 1251 279 1290 De
293 1249 393 1290 Arte
402 1248 569 1289 Amandi
584 1257 623 1289 et
635 1249 824 1290 Remedio
843 1249 1014 1297 Amoris,
1034 1265 1119 1290 cum
1133 1250 1447 1302 interpretatione
1461 1248 1594 1287 Barth.

80 1355 83 1358 ,
162 1316 336 1358 Mendae-
352 1333 374 1352 «
395 1317 626 1368 lmpressum
641 1315 850 1356 Mediolani
867 1331 934 1368 per
945 1317 1189 1357 Leonardum
1205 1316 1369 1371 Vegium
1382 1344 1395 1365 ‚
1415 1317 1554 1355 MDX.
1569 1333 1590 1350 υ

160 1381 286 1422 in-fol.
306 1405 363 1414 -
378 1383 521 1423 Pauzer
534 1412 546 1431 .,
568 1384 764 1424 tom.·V11
783 1412 795 1433 ‚
818 1397 903 1438 pag.
927 1381 1018 1438 389.

93 1485 97 1488 -
156 1501 164 1505 χ
213 1454 570 1509 Metamorphoseos
582 1453 681 1494 libri.
696 1472 715 1489 «
733 1455 916 1510 Lugduni
932 1484 943 1504 ‚
958 1469 1025 1506 per
1036 1455 1238 1496 Claudium
1258 1454 1411 1494 Daoost.
1431 1454 1562 1492 MDX
1579 1481 1590 1501 a

158 1530 216 1559 xv
241 1519 322 1560 Cal.
345 1520 447 1560 Maii.
469 1538 489 1556 n
506 1518 633 1567 in-40.
656 1542 710 1550 —-
729 1520 886 1569 Panzer‚
904 1528 998 1560 tom.
1022 1521 1107 1561 VII
1125 1551 1136 1570 ,
1160 1534 1245 1575 pag.
1264 1518 1356 1575 294.

214 1590 383 1643 Accipe,
407 1591 576 1632 studiose
599 1593 720 1633 lector
734 1622 746 1643 ‚
769 1594 814 1632 P.
842 1593 1339 1645 Ovidii'Met'amorphoseis
1364 1607 1450 1633 cum
1471 1593 1588 1631 lucu-

158 1657 376 1698 lentissimis
397 1659 521 1710 Raph.
549 1658 663 1713 Regii
693 1659 991 1700 enarrationibus
1016 1677 1027 1699 :‡
1051 1660 1188 1714 quibus
1224 1659 1384 1712 plurima
1407 1659 1593 1712 adscripta

157 1733 249 1767 sunt
271 1741 281 1763 ι
306 1741 392 1780 quae
413 1726 455 1766 in
473 1726 742 1779 exemplaribus
762 1735 870 1767 antea
891 1714 1082 1779 impressis
1106 1743 1186 1767 non
1206 1727 1465 1768 inveniuntur.
1489 1728 1590 1776 Quae

156 1793 235 1833 sint
246 1795 391 1849 rogas?
413 1797 521 1835 Inter
540 1795 744 1850 legendum
758 1795 867 1836 facile
886 1794 957 1834 tibi
974 1803 1190 1836 occurrent.
1212 1797 1259 1834 In
1277 1795 1376 1835 fine:
1400 1812 1420 1830 α
1441 1795 1483 1836 Si
1499 1795 1590 1848 quid

155 1858 256 1900 forte
285 1860 477 1902 literarum
507 1862 808 1914 transpositione
836 1891 845 1900 .
860 1890 870 1899 .
885 1890 894 1899 .
924 1861 1128 1902 offenderis
1145 1891 1156 1911 ‚
1181 1861 1352 1900 studiose
1379 1860 1526 1909 lector,
1550 1861 1590 1900 id

156 1925 395 1968 librariorum
408 1928 554 1969 incurie
570 1928 755 1984 adscribas
773 1937 886 1984 rogat
901 1929 1096 1983 Georgius
1111 1929 1157 1967 de
1177 1927 1421 1968 Rusconibus
1443 1927 1592 1967 Medio-

157 1992 342 2044 lanensis,
365 1996 474 2049 cujus
495 1995 680 2035 industria
699 1996 866 2047 Raphael
887 1996 1032 2051 Regius
1054 1995 1094 2034 in
1110 1996 1186 2035 hoc
1202 2009 1316 2047 opere
1339 1994 1588 2034 describendo

156 2072 247 2097 usus
265 2066 334 2098 est.
359 2059 594 2110 Mediolani,
618 2061 808 2113 impressit
829 2062 1007 2116 magister
1033 2061 1254 2105 Leonardus
1282 2060 1428 2100 Pachel
1440 2089 1453 2104 ,
1486 2075 1588 2100 anno

158 2124 319 2166 Domini
331 2126 391 2164 M.
414 2127 468 2164 D.
488 2128 542 2165 X.
565 2127 625 2167 die
650 2140 683 2167 11
700 2127 942 2171 Novembris.
969 2146 988 2164 ι»
1011 2128 1146 2168 in—fol.
1170 2144 1256 2168 cum
1279 2129 1559 2183 fig.—-Panzer
1575 2156 1586 2175 ‚

157 2197 251 2230 tom.
272 2192 381 2242 VII,
403 2207 486 2248 pag.
509 2192 600 2234 388.

205 2263 570 2319 Metamorphoseon
584 2266 671 2307 libri
682 2268 899 2317 moralizati‚
908 2284 993 2309 cum
1003 2268 1267 2323 pulcherrimis
1279 2267 1484 2307 fabularum
1495 2281 1591 2318 prae-

156 2327 351 2379 cipuarum
370 2329 502 2386 figuris
516 2359 527 2380 ‚
554 2340 627 2372 etc.
651 2347 721 2373 nec
748 2349 830 2374 non
852 2343 892 2374 et
915 2335 1157 2390 tropologica
1178 2334 1385 2375 fabularum
1412 2333 1589 2374 novella-

160 2410 244 2436 rum
259 2398 495 2439 enarratione
510 2413 578 2450 per
598 2400 648 2439 R.
668 2401 712 2439 P.
729 2402 784 2440 Μ.
807 2402 964 2442 Petrum
978 2402 1179 2443 Lavinium
1202 2402 1361 2456 adjecta.
1393 2402 1587 2453 Lugduni,

154 2462 259 2515 apud
274 2463 507 2516 Stephanum
525 2465 742 2518 Gueynard.
764 2468 824 2506 M.
849 2467 907 2507 D.
928 2470 980 2508 X.
998 2491 1051 2499 —
1067 2470 1224 2516 Panzer,
1242 2476 1272 2506 t.
1293 2467 1394 2516 VII,
1411 2483 1449 2520 p.
1470 2464 1562 2523 293.

209 2533 409 2574 Fastorum
421 2534 508 2574 libri
523 2535 698 2590 diligenti
709 2538 973 2579 emendatione
992 2539 1091 2594 typis
1106 2539 1295 2590 impressi,
1311 2539 1589 2592 aptissimisque

153 2599 282 2657 figuris
301 2603 425 2642 ornati
445 2632 456 2652 ‚
482 2605 843 2646 commentatoribus
861 2605 955 2646 Ant.
974 2606 1233 2648 Constantino
1259 2607 1420 2648 Fanensi
1439 2637 1450 2656 ‚
1470 2608 1588 2648 Paulo

154 2670 282 2711 Marso
306 2671 496 2712 Piscinate
515 2703 527 2723 ‚
552 2673 642 2714 viris
662 2674 895 2723 clarissimis,
920 2675 1055 2716 additis
1072 2675 1293 2730 quibusdam
1309 2677 1477 2719 versibus
1494 2706 1505 2725 ,
1524 2676 1589 2730 qui
