1794 3100
211 215 296 258 312
647 215 1179 260 DEDICATIONES

214 333 236 352 »
264 309 550 358 Montaniana
580 310 770 358 Scaurus
802 310 1008 368 notabat;
1033 329 1124 359 uno
1147 310 1234 358 hoc
1270 322 1503 360 contentus
1539 330 1628 360 ero.

215 407 238 429 »
270 387 420 448 Quum
446 384 664 451 Polyxena
689 397 802 434 esset
822 385 1032 442 adducta,
1058 397 1110 434 ut
1125 386 1180 434 ad
1203 385 1424 438 tumulum
1443 386 1631 436 Achillis

217 484 239 504 »
267 460 568 510 immolaretur
588 499 600 518 ‚
631 462 814 510 Hecuba
838 462 948 510 dixit
983 483 992 510 :
1024 463 1120 511 cinis
1142 462 1227 528 ipse
1248 462 1397 527 sepulti
1424 463 1632 529 Inlgenus

212 562 235 582 »
262 538 338 586 hoc
351 550 538 605 pugnam
556 551 729 606 poterat
744 541 829 589 hoc
849 552 1083 590 contentus
1113 559 1228 598 esse3
1259 541 1416 606 adjecit
1442 561 1452 589 :
1480 542 1632 590 tumulo

214 637 236 660 ›,›
264 634 417 682 quoque
454 615 646 664 sensimus
686 615 850 664 hostem.
891 617 983 664 Nec
1026 616 1114 664 hoc
1160 629 1393 665 contentus
1439 616 1628 682 adjecitz

218 715 240 735 »
264 693 758 759 AEaa'doesecundaful'.
788 694 949 743 Aiebat
969 706 1113 743 autem
1133 696 1322 743 Scaurus
1343 714 1433 743 rem
1455 714 1599 744 veram
1618 716 1629 744 :

215 793 237 815 ›.›
266 789 354 818 non
378 770 525 819 minus
545 790 746 834 magnam
770 771 973 821 virtutem
994 791 1108 830 esse,
1131 772 1240 821 scire
1263 772 1483 830 desinere,
1504 792 1634 839 quam

215 869 237 889 >³
265 846 374 895 scire
398 847 553 905 dicere.
582 870 603 890 »
634 849 862 897 Attendite
894 868 1023 914 quam
1057 868 1166 897 caeca
1186 847 1244 896 sit
1272 848 1407 898 aliena
1429 850 1634 917 carpendi

208 922 426 988 cupiditas
445 944 453 971 :
476 924 583 971 dum
602 924 813 972 Ovidium
829 923 1055 972 insimulat
1071 924 1191 980 vitii,
1209 941 1397 971 errorem
1417 925 1634 987 insignem

211 1013 346 1058 errat,
374 1021 560 1067 eumque
586 1001 826 1066 duplicem;
850 1012 894 1048 et
923 1001 1046 1066 quod
1067 1001 1159 1048 haee
1179 1000 1235 1048 ab
1259 1001 1442 1049 Hecuba
1466 1001 1551 1049 dici
1573 1001 1636 1050 ait

213 1091 446 1145 antequam
468 1079 691 1145 Polyxena
709 1077 1026 1136 immolaretur,
1048 1097 1144 1144 quae
1162 1077 1369 1126 dicuntur
1385 1078 1439 1126 ab
1453 1079 1637 1128 Hecuba

213 1156 259 1203 in
276 1156 361 1203 hoc
376 1154 495 1203 libro
513 1168 616 1221 post
630 1173 777 1202 necem
800 1153 1034 1219 Polyxeuae
1053 1174 1063 1202 :
1086 1166 1128 1202 et
1146 1154 1271 1221 quod
1290 1173 1336 1202 ea
1358 1155 1637 1221 reprehendit

212 1234 258 1280 in
285 1233 471 1290 ovidio,
498 1253 593 1299 quae
612 1233 657 1280 in
683 1233 865 1280 summis
884 1243 926 1279 et
948 1232 1093 1298 poetis
1115 1243 1158 1279 et
1182 1232 1430 1281 oratoribus
1455 1233 1636 1283 laudan-

215 1322 298 1358 tur.
327 1312 548 1359 Homerus
565 1311 610 1357 in
630 1309 816 1358 Achillis
835 1310 891 1357 ad
913 1322 1092 1358 matrem
1119 1309 1388 1376 querimonia
1407 1348 1418 1368 ‚
1445 1309 1637 1376 ἑλωνφεὲρ

212 1385 291 1443 ἔχει
316 1389 424 1446 φέρεις
445 1386 558 1438 entia-0¹3
581 1386 746 1449 imv'pag
761 1423 773 1443 ‚
800 1397 865 1433 ter
887 1385 1000 1433 idem
1033 1385 1142 1433 dixit
1175 1383 1288 1443 ἓλιεῗν,
1315 1385 1417 1444 ἔχει,
1441 1387 1633 1451 οἷπούρας;

213 1481 294 1509 nec
312 1462 516 1516 vitiosum
535 1482 627 1511 esse
647 1463 877 1529 quisquam
895 1474 1035 1528 putat.
1056 1462 1268 1525 Virgilius
1286 1499 1298 1520 ‚
1319 1465 1420 1512 ΖΕΒ.
1445 1466 1492 1521 Ι,
1515 1464 1608 1525 546
1622 1502 1634 1521 ,

214 1538 258 1586 in
286 1539 497 1587 Oratione
524 1539 709 1588 Ilionei:

436 1633 558 1677 Quem
576 1633 603 1667 si
621 1632 693 1667 sata
709 1632 823 1667 virum
841 1640 998 1677 servant,
1016 1633 1042 1667 si
1059 1633 1208 1669 vescitur
1224 1646 1308 1670 aura
1337 1662 1340 1666 ,

437 1693 615 1737 AEtheria,
634 1707 749 1740 neque
766 1693 879 1728 adhuc
893 1694 1089 1730 crudelibus
1105 1695 1248 1730 occubat
1264 1694 1405 1745 umbris.

218 1778 469 1826 Sermonem
493 1778 613 1826 hunc
635 1798 763 1827 nemo
786 1798 880 1826 non
902 1779 1179 1831 emendatum
1201 1791 1352 1845 putat,
1380 1798 1516 1845 quum
1535 1779 1639 1828 satis

215 1855 349 1902 suerit
370 1874 508 1904 unum
530 1875 553 1903 e
572 1856 715 1905 tribus
736 1856 906 1905 dixisse.
929 1855 1080 1904 Simile
1101 1856 1326 1904 Ciceronis
1342 1855 1453 1904 illud
1475 1856 1520 1904 in
1538 1875 1639 1922 per-

219 1931 452 1981 duellionis
476 1952 604 1982 causa
627 1953 636 1980 ε
667 1956 689 1975 «
712 1933 935 1982 Inclusum
959 1945 1091 1998 atque
1111 1933 1311 1981 abditum
1334 1933 1467 1982 latere
1491 1933 1537 1981 in
1561 1952 1639 1981 oc-

222 2031 245 2050 »
272 2008 413 2066 cult03
443 2007 486 2057 et
503 2010 717 2074 ignaviam
737 2029 860 2059 suam
884 2011 1100 2076 parietum
1117 2029 1166 2058 ac
1188 2011 1467 2059 tenebrarum
1491 2021 1639 2059 custo-

224 2108 245 2127 »
273 2085 355 2133 diis
372 2098 528 2149 tegere.
555 2110 577 2129 »
602 2087 833 2151 Ejusmodi
851 2085 1041 2139 trecenta
1059 2089 1289 2139 memorari
1308 2099 1518 2154 possunt,
1543 2106 1638 2153 quae

221 2163 258 2211 si
282 2163 330 2210 in
350 2162 447 2212 aliis
479 2163 652 2212 dicendi
685 2164 868 2212 virtutes
892 2165 1135 2222 habentur,
1164 2183 1240 2212 cur
1263 2165 1322 2212 inv
1342 2165 1504 2213 Ovidio
1535 2164 1639 2211 vitia

219 2240 522 2295 existimentur
539 2240 649 2289 nihil
669 2260 808 2290 causae
820 2241 946 2289 video
964 2261 974 2299 3
994 2241 1080 2289 nisi
1098 2241 1144 2288 in
1165 2260 1216 2289 eo
1231 2241 1439 2289 Senecam
1450 2240 1641 2293 voluisse

222 2317 416 2365 caninam
436 2337 635 2367 exercere
648 2318 906 2377 facundiam,
927 2330 969 2366 et
984 2318 1119 2367 severi
1136 2319 1327 2370 censoris
1341 2329 1486 2383 partes
1498 2335 1639 2379 agere,

221 2395 341 2460 quasi
366 2394 478 2444 nihil
500 2415 694 2462 unquam
716 2395 764 2447 in
798 2398 885 2448 vita
911 2409 987 2447 aut
1020 2396 1194 2462 scriptis
1226 2395 1470 2461 deliquerit.
1505 2395 1643 2458 Quod

222 2489 323 2520 sane
345 2472 455 2520 mihi
471 2474 653 2526 verbum
675 2474 860 2526 Catonis
883 2474 927 2520 in
946 2484 1135 2524 mentem
1148 2483 1341 2529 revocat,
1363 2472 1644 2538 quimimn'se

220 2549 378 2604 aiebat,
409 2568 482 2598 cur
501 2569 580 2599 non
603 2569 783 2616 aruspex
804 2550 968 2606 rideret,
1007 2570 1128 2616 quum
1157 2550 1376 2614 aruspicem
1404 2549 1637 2615 adspiceret.

219 2627 285 2674 Ita
310 2626 517 2674 Senecam
541 2626 679 2676 miror
703 2627 892 2678 tenuisse
919 2627 1057 2678 risum
1080 2626 1253 2693 quoties
1278 2626 1416 2675 libros
1441 2644 1546 2675 suos
1574 2623 1639 2672 le-

191 2737 196 2740 ,
221 2715 364 2766 geret,
388 2704 468 2751 ubi
488 2705 763 2752 commendat
792 2716 1093 2770 paupertatem
1122 2704 1416 2752 feneratorum
1441 2702 1638 2752 omnium
