1794 3100
510 228 1147 274 ETIPRAEFATI’ONES.
1461 231 1550 289 289

119 335 289 383 atatem
310 335 526 391 quaestor,
552 335 717 391 praetor
743 334 786 372 et
805 322 961 373 consul
984 323 1125 373 factus
1145 336 1225 374 est,
1250 325 1303 372 In
1324 336 1553 390 quaesturae

120 414 167 453 et
185 412 386 470 praeturae
407 401 577 450 honore
606 400 697 449 dux
719 401 923 459 Rhetici,
960 400 1116 450 deinde
1145 402 1396 451 Germanici
1418 402 1552 462 belli,

119 479 475 548 praeclarissimas
495 499 565 529 res
590 480 747 543 gessit,
783 499 894 546 quas
918 480 1163 528 recensebit
1188 479 1377 529 Ovidius
1398 500 1408 538 ;
1437 481 1556 540 unde

116 560 191 626 jus
211 559 371 608 ovandi
389 571 434 608 et
456 558 740 626 triumphalia
758 559 875 625 cepit
889 572 1155 608 ornamenta.
1177 560 1288 609 Post
1305 572 1555 628 praeturam,

121 635 235 685 inito
255 633 404 686 statim
423 634 670 694 consulatu,
690 635 869 702 repetiit*
887 635 1211 703 expeditionem
1232 636 1557 694 Germanicam;

121 714 203 764 uhi
223 713 414 773 morbo,
449 732 578 780 quem
606 733 658 762 ex
684 714 786 780 equi
819 712 946 781 lapsu
978 725 1276 772 contraxerat,
1302 733 1559 780 supremum

123 791 238 841 diem
264 791 412 851 obiit,
449 791 495 840 in
530 792 692 841 aestivis
723 791 903 846 castris,
933 809 1029 857 quae
1064 808 1115 837 ex
1146 809 1199 838 eo
1225 789 1432 840 scelerata
1455 805 1561 841 sunt

122 866 356 936 adpellata.
387 891 410 911 «
447 868 719 917 Adolescens
752 866 850 926 ille,
883 867 1030 934 inquit
1062 865 1290 926 Velleius,
1316 880 1386 917 tot
1416 881 1561 918 tanta-

129 968 151 987 »
179 963 370 1012 rumque
392 945 609 994 virtutum
630 945 737 1002 suit,
765 956 875 1011 quot
899 956 943 992 et
967 955 1153 1011 quantas
1181 956 1339 994 natura
1363 946 1564 996 mortalis

131 1047 154 1067 »
179 1024 364 1091 recipit,
391 1023 459 1073 vel
493 1023 713 1073 industria
735 1023 926 1091 percipit
954 1044 964 1071 ι
998 1023 1123 1088 cujus
1159 1023 1383 1087 ingenium
1414 1038 1565 1075 utrum

131 1125 154 1144 »ι
179 1100 354 1149 bellicis
371 1100 512 1163 magis
528 1100 762 1167 operibus,
778 1119 832 1147 an
849 1099 1053 1148 civilibus
1071 1099 1293 1148 suffecerit
1305 1102 1496 1160 artibus,
1518 1104 1565 1153 in

78 1230 83 1238 ‚
134 1202 156 1221 υ
184 1178 355 1227 incerto
371 1188 450 1226 est.
472 1177 655 1225 Morum
669 1188 783 1224 certe
804 1174 1013 1234 dulcedo,
1035 1189 1078 1225 et
1095 1178 1286 1226 suavitas
1301 1191 1345 1227 et
1356 1180 1565 1230 adversus

135 1279 158 1299 »
185 1255 351 1305 amicos
378 1273 528 1321 aequa,
551 1273 601 1302 ac
627 1272 709 1321 par
741 1254 811 1303 sui
834 1254 1064 1303 aestimatio
1082 1292 1093 1313 ,
1121 1255 1397 1304 inimitabilis
1429 1258 1565 1309 fuisse

135 1357 157 1378 ι)
184 1333 378 1392 dicitur,
416 1344 460 1381 et
491 1333 648 1382 eximia
688 1332 887 1400 corporis
918 1331 1220 1399 pulchritudo.
1255 1333 1387 1383 Illum
1420 1348 1567 1386 autem

133 1435 157 1456 ³>
185 1431 342 1477 magna
379 1430 431 1460 ex
464 1422 589 1478 parte
628 1410 895 1460 domitorem
931 1411 1174 1461 Germaniae
1191 1451 1203 1471 ,
1243 1412 1436 1480 plurimo
1476 1417 1569 1482 ejus

135 1515 159 1536 »
185 1491 356 1556 gentis,
386 1489 518 1539 variis
542 1490 588 1537 in
619 1487 754 1547 locis,
780 1489 965 1556 profuso
990 1489 1230 1552 sanguine,
1259 1490 1450 1540 fatorum
1480 1493 1569 1541 ini-

136 1593 159 1612 »
188 1569 336 1637 quitas
349 1606 361 1626 ,
381 1568 608 1618 consulem
621 1606 633 1627 ,
653 1581 855 1632 agentem
870 1587 1034 1616 annum
1057 1568 1344 1626 tricesimum,
1363 1571 1522 1637 rapuit.
1541 1596 1565 1615 »

133 1645 267 1696 Nihil*
277 1645 448 1694 adtinet
472 1664 814 1694 commemorare
834 1664 920 1711 qua
943 1663 1127 1711 pompa,
1154 1648 1233 1707 (ea
1258 1646 1485 1713 triumpho
1510 1648 1570 1696 si-

138 1723 325 1773 millima
341 1724 462 1790 fuit)
486 1743 649 1791 corpus
666 1723 852 1772 relatum
872 1724 917 1771 in
938 1724 1118 1781 urbem,
1144 1736 1380 1773 crematum
1394 1764 1405 1783 ,
1425 1725 1572 1792 sepul-

137 1816 320 1870 tumque
343 1803 390 1851 in
417 1822 572 1869 campo
611 1803 778 1851 Martio
815 1822 824 1850 z
853 1814 992 1869 utque
1011 1802 1278 1853 'defunctum
1316 1823 1451 1870 quum
1486 1823 1570 1871 pro

138 1881 351 1931 concione
373 1879 572 1930 laudaret
588 1881 820 1944 Augustus
836 1918 847 1938 ,
873 1881 995 1929 Deos
1019 1893 1223 1947 precatus
1247 1882 1329 1940 sit,
1350 1882 1514 1932 similes
1534 1883 1573 1930 ei

118 1970 119 1975 ’
140 1961 334 2010 Caesares
355 1979 463 2009 suos
485 1959 701 2017 facerent,
733 1959 911 2026 sibique
934 1972 1021 2009 tam
1046 1959 1282 2009 honestum
1306 1963 1573 2029 quandoque

141 2039 304 2088 exitum
328 2038 502 2096 darent,
531 2041 662 2105 quam
687 2037 752 2086 illi
774 2039 1010 2088 dedissent.
1042 2039 1249 2104 Elogium
1275 2040 1457 2108 insuper
1478 2062 1576 2091 ver-

141 2117 268 2166 sibus
284 2136 308 2165 a
327 2135 374 2165 se
389 2117 647 2182 compositis
661 2154 672 2174 ‚
694 2116 930 2185 sepulchro
948 2115 1211 2183 insculpsit,
1236 2137 1458 2185 prosaque
1476 2139 1574 2170 ora-

143 2195 262 2243 tione
276 2231 289 2251 ,
315 2193 448 2242 vitam
464 2193 557 2258 ejus
575 2194 830 2260 complexus
845 2207 924 2243 est.
948 2195 1072 2243 Livia
1088 2207 1248 2253 mater,
1266 2195 1415 2244 audita
1432 2209 1574 2246 morte

141 2270 220 2320 filii
234 2308 248 2330 ,
271 2271 318 2319 in
341 2270 487 2337 primo
510 2269 589 2318 illo
612 2270 783 2330 furore,
811 2291 946 2339 quum
966 2271 1151 2320 maxime
1170 2271 1338 2321 feroces
1353 2272 1573 2339 impoten-

144 2361 297 2416 tesque
327 2361 434 2398 sunt
466 2348 678 2407 miseriae,
705 2369 750 2398 se
787 2349 1100 2398 consolandam
1131 2350 1263 2402 Arrio
1302 2349 1577 2416 philosopho

143 2423 444 2474 Alexandrino
468 2424 692 2492 praebuit:
727 2425 774 2473 in
809 2445 945 2492 eaque
978 2426 1169 2474 orbitate
1200 2425 1443 2474 masculum
1478 2429 1576 2476 ani-

143 2523 291 2560 mum,
320 2503 569 2571 feminaque
593 2505 794 2572 principe
818 2505 994 2568 dignam
1026 2505 1315 2553 constantiam
1339 2505 1540 2554 exhibuit
1565 2527 1576 2564 ;

146 2593 197 2630 ut
218 2600 316 2648 quae
337 2582 470 2631 simul
490 2602 589 2631 cum
611 2584 754 2632 cinere
771 2581 916 2649 atque
930 2580 1108 2631 ossibus
1126 2581 1206 2630 filii
1231 2581 1427 2631 dolorem
1447 2603 1576 2632 suum

149 2661 242 2726 ejus
267 2661 439 2710 tumulo
463 2661 674 2711 intulerit.
713 2663 819 2710 Haec
846 2680 868 2709 e
890 2660 1059 2709 Velleio
1093 2660 1322 2709 Paterculo
1343 2700 1354 2721 ,
1385 2662 1576 2719 Seneca,

146 2737 294 2789 Plinio
306 2777 317 2797 ‚
335 2739 571 2798 Suetonio,
591 2738 801 2788 Cornelio
820 2739 976 2788 Tacito
990 2777 1001 2797 ,
1018 2739 1210 2808 epitoma
1225 2739 1361 2798 Livii,
1381 2739 1428 2788 in
1442 2759 1580 2809 pauca

308 2822 461 2868 VIII.
1231 2840 1282 2885 ¹9
