1794 3100
547 180 640 224 ET
672 178 1184 244 PRAEEATIONES.
1506 179 1587 223 31¹1

158 295 182 318 »
209 272 389 340 quando
414 271 471 321 ab
493 271 647 320 amicis
678 272 771 321 suis
793 284 845 320 ut
868 271 1044 321 tolleret
1079 283 1170 320 tres
1199 289 1354 320 versus
1372 309 1384 328 ‚
1411 271 1596 322 invicem

159 371 184 394 ιι
209 348 366 416 petiit,
391 360 444 397 nt
464 347 561 415 ipse
585 359 673 397 tres
695 349 942 415 exciperet,
968 349 1014 397 in
1038 367 1154 415 quos
1176 346 1292 396 nihil
1321 346 1409 395 illis
1435 347 1597 397 liceret.

157 449 183 473 n.
210 428 359 494 AEqua
383 426 453 476 lex
477 427 569 476 visa
588 439 659 476 est
683 448 694 476 ι
720 427 994 494 scripserunt
1012 426 1076 475 illi
1093 445 1206 494 quos
1223 425 1321 475 tolli
1341 425 1504 476 vellent
1523 447 1533 475 ε
1552 427 1599 476 in

159 529 183 550 n
210 506 367 556 iisdem
388 505 604 555 codicillis
627 506 761 555 iidem
784 525 937 556 versus
961 518 1087 555 erant
1107 527 1116 555 ε
1143 525 1195 554 ex
1220 506 1386 574 quibus
1406 506 1598 573 primum

161 604 184 626 ι)
214 582 352 633 fuisse
378 582 587 632 narrabat
616 581 928 632 Albinovanus
954 582 1108 642 Pedo,
1147 582 1224 649 qui
1261 583 1379 632 inter
1410 582 1604 632 arbitros

159 684 182 705 »
208 660 297 710 fuit
321 682 331 710 :
354 661 684 730 Semibovemque
712 662 848 711 virum
867 702 879 719 ,
910 662 1214 729 semzbirumque
1232 662 1369 711 bovem
1388 682 1405 719 ;
1441 682 1601 712 secun-

157 762 182 785 »
209 740 316 790 dum
341 760 352 789 ε
381 740 606 808 Egelidum
647 742 819 790 Borean
841 781 853 799 ,
897 741 1172 810 egelidumque
1208 743 1386 791 Notum.
1400 741 1450 809 ἡ(
1464 733 1602 791 Valde

157 840 183 862 »
208 818 321 867 mihi
337 817 462 867 dolet
472 837 645 868 versum
662 820 840 869 tertium
858 819 1179 882 intercidisse.)
1197 821 1267 868 Ex
1284 839 1375 886 quo
1392 819 1576 887 adparet
1587 864 1599 884 ‚

158 918 182 940 »
211 896 448 962 subjungit
466 897 657 955 Seneca,
680 898 841 948 summi
856 898 1024 962 ingenii
1043 898 1162 956 viro,
1181 897 1395 964 judicium
1413 917 1505 947 non
1524 899 1602 949 de-

157 995 181 1016 »
207 973 345 1022 fuisse
372 973 430 1022 ad
464 975 833 1041 compescendam
864 975 1087 1024 licentiam
1113 976 1358 1024 carminum
1389 995 1601 1046 suorum⁹

159 1072 183 1092 »
211 1049 406 1100 defuisse
448 1049 657 1099 animum.
699 1050 863 1100 Aiebat
899 1051 1077 1100 interim
1115 1052 1407 1101 decentiorem
1445 1052 1601 1103 faciem

155 1151 179 1172 »
210 1149 334 1188 esse,
359 1129 408 1178 in
431 1149 520 1196 qua
545 1128 706 1196 aliquis
738 1148 887 1178 naevus
907 1129 1102 1193 inesset?
1136 1152 1158 1172 »
1188 1130 1480 1193 Purgavimus
1513 1130 1598 1181 ista

153 1207 243 1256 fere
265 1226 401 1275 supra
418 1208 466 1256 in
491 1207 748 1256 defensione
770 1207 959 1257 lasciviae
972 1219 1017 1256 et
1035 1207 1219 1256 luxuriae
1236 1246 1248 1266 ‚
1269 1228 1367 1275 quae
1385 1209 1599 1275 objicitur

154 1284 343 1334 a-Fabio
363 1303 374 1334 :
395 1285 519 1352 quod
535 1297 688 1335 autem>
697 1285 755 1334 ad
772 1304 944 1335 naevum
963 1285 1133 1334 adtinet
1147 1323 1160 1344 ‚
1181 1285 1478 1336 adsentiretur
1492 1288 1601 1337 Ovi-

157 1363 233 1412 dio
266 1363 557 1427 gravissimus
587 1364 745 1413 auctor
779 1363 981 1421 AlcaeuS‚
1016 1382 1148 1430 quem
1176 1382 1301 1412 naevo
1331 1364 1378 1412 in
1414 1366 1600 1415 articulo

157 1440 285 1509 pueri
303 1442 549 1508 impensius
567 1441 832 1492 delectatum
849 1460 945 1491 esse
962 1440 1230 1508 adcepimu&
1256 1442 1408 1506 Pergit
1425 1442 1472 1491 in
1492 1444 1601 1492 Ovi-

156 1521 281 1570 dium
298 1522 485 1581 Seneca,
506 1533 550 1570 et
570 1523 623 1570 in
637 1522 949 1571 Controversia
969 1522 1155 1588 septima
1173 1520 1278 1570 libri
1298 1523 1418 1572 tertii
1438 1543 1448 1571 t
1473 1545 1496 1566 α
1518 1523 1603 1572 Al-

160 1622 184 1644 »
210 1598 324 1659 fius,
355 1600 529 1667 inquit,
554 1599 717 1649 Flavus
736 1601 850 1649 hanc
875 1599 1135 1649 sententiam
1161 1600 1274 1650 dixit
1300 1621 1309 1649 :
1344 1603 1445 1668 Ipse
1466 1603 1534 1651 sui
1556 1616 1600 1651 et

160 1700 182 1721 »
211 1677 466 1727 alimentum
492 1689 586 1726 erat
601 1716 612 1735 ‚
637 1690 681 1726 et
700 1677 926 1727 damnum.
960 1679 1093 1728 Hunc
1117 1680 1327 1738 Caestius‚
1353 1682 1479 1747 quasi
1501 1702 1599 1731 cor-

161 1777 184 1797 »
210 1766 343 1822 rupte
366 1753 579 1813 dixisset,
606 1754 847 1820 objurgans
880 1776 890 1807 z
917 1754 1101 1823 adparet
1131 1767 1173 1804 te
1209 1767 1366 1822 poetas
1398 1758 1597 1808 studiose

161 1855 184 1874 »
209 1830 367 1896 legere.
399 1834 492 1882 Iste
517 1851 673 1883 sensus
703 1846 767 1883 est
792 1834 910 1899 ejus,
937 1834 1014 1900 qui
1039 1834 1126 1882 hoc
1154 1833 1356 1883 seculum
1372 1837 1597 1885 amatoriis

165 1933 187 1953 »
212 1929 303 1960 non
327 1911 501 1961 artibus
537 1923 735 1970 tantum,
762 1912 840 1961 sed
862 1912 1094 1961 sententiis
1117 1912 1329 1979 implevit.
1357 1937 1378 1958 u
1407 1915 1596 1965 Ovidius

159 1988 275 2037 enim
297 1989 344 2038 in
366 1988 486 2039 libro
508 1990 617 2039 Vlll
634 2027 647 2046 ‚
674 1989 766 2056 877
782 2027 794 2048 ‚
821 1991 1119 2057 Metamorph.
1145 1990 1283 2041 dicit:

379 2094 458 2139 lpse
474 2104 556 2129 suos
571 2099 667 2129 artus
679 2093 797 2130 lacero
811 2094 978 2131 divellere
995 2095 1116 2132 morsu

385 2149 503 2196 Coepit
514 2176 524 2194 ,
543 2157 579 2185 et
591 2150 715 2186 infelix
732 2152 930 2188 minuendo
945 2164 1073 2199 corpus
1090 2153 1215 2190 alebat.

157 2234 283 2285 Idem
298 2235 347 2283 in
364 2234 675 2284 Controversia
694 2236 849 2302 quinta
865 2236 970 2286 libri
986 2239 1096 2287 noni
1116 2259 1126 2288 :
1149 2261 1171 2282 «
1192 2238 1341 2287 Habet
1357 2239 1445 2287 hoc
1460 2240 1596 2290 Mon-

160 2334 183 2355 »
209 2325 341 2362 tanus
354 2313 514 2362 vitium
535 2332 544 2360 :
564 2314 805 2363 sententias
819 2333 922 2364 suas
934 2317 1179 2384 repetendo
1192 2317 1438 2386 corrumpit
1457 2336 1467 2375 3
1488 2317 1594 2367 dum

160 2412 184 2433 »
210 2409 304 2440 non
340 2403 408 2441 est
437 2403 674 2440 contentus
697 2410 829 2440 unam
851 2408 944 2442 rem
971 2395 1105 2444 semel
1131 2396 1246 2444 bene
1268 2395 1411 2443 dicere
1427 2435 1437 2454 ‚
1464 2394 1598 2444 efficit

163 2491 186 2511 >v
211 2486 268 2518 ne
288 2468 404 2518 bene
424 2469 587 2518 dixerit
613 2488 622 2517 :
648 2480 693 2517 et
720 2482 908 2536 propter
930 2472 1026 2521 haec
1048 2484 1091 2521 et
1116 2472 1197 2522 alia
1216 2510 1227 2530 ‚
1255 2472 1419 2539 quibus
1447 2486 1598 2522 orator

163 2569 185 2590 »ι
214 2558 366 2615 potest
386 2559 531 2614 poetae
550 2546 707 2597 similis
725 2547 863 2596 videri
882 2586 894 2606 ‚
919 2545 1092 2598 solebat
1112 2550 1308 2599 'Scaurus
1331 2551 1599 2599 Montanum

162 2649 186 2670 n
213 2629 331 2675 inter
359 2638 557 2676 oratores
593 2626 807 2676 Ovidium
830 2646 1015 2686 vocare3
1040 2647 1142 2677 nam
1167 2620 1218 2678 et
1242 2629 1434 2679 Ovidius
1457 2633 1599 2679 nescit

162 2726 184 2748 n
213 2705 338 2772 quod
365 2705 478 2756 bene
510 2706 642 2756 cessit
676 2705 939 2773 relinquere.
976 2709 1080 2758 Non
1115 2708 1254 2758 multa
1286 2709 1470 2759 referam
1502 2730 1597 2777 quae
