1794 3100
262 228 318 256 20
629 214 681 256 P.
722 198 1309 266 ov1D11'NAsoms

327 307 370 355 A
396 307 504 356 duce
528 307 724 357 Puniceo
746 309 955 376 pertulit,
980 311 1076 378 ipse
1099 312 1224 362 feras.

261 386 353 434 Nec
376 383 459 432 tibi
479 383 679 432 subsidio
701 385 759 434 sit
781 405 973 453 praesens
993 408 1156 440 numen
1170 429 1182 449 ‚
1207 403 1261 441 ut
1280 392 1369 451 illi,

1615 410 1680 447 285

329 461 414 511 Cui
437 462 550 510 nihil
574 463 742 511 Hercaei
763 464 935 530 profuit
954 484 1028 515 ara
1047 469 1076 516 J
1079 467 1197 517 ovis:

261 540 412 605 thue
437 538 558 587 dedit
582 538 719 588 saltus
745 540 797 589 de
822 560 994 592 summo
1015 544 1253 594 Thessalus
1276 547 1392 596 Ossa
1407 584 1419 606 ‚

325 616 396 663 Tu
421 634 596 682 quoque
622 634 779 665 saxoso
798 618 1070 685 praecipitere
1091 621 1225 687 jugo:

259 693 353 741 Aut
376 691 495 741 velut
519 692 725 760 Euryali,
752 695 828 761 qui
851 708 1072 763 sceptrum
1097 699 1224 764 cepit.
1238 698 1294 747 ab
1317 697 1417 758 illo,

325 770 423 820 Sint
444 782 564 820 artus
585 771 722 820 avidis
745 773 964 836 anguibus
987 793 1083 823 esca
1103 775 1194 824 tui:

1615 802 1680 839 ²9⁰

258 845 341 894 Vel
362 858 437 895 tua
461 859 672 906 maturet,
701 848 815 897 sicut
835 850 1007 898 Minoia
1025 851 1113 899 fata
1128 888 1141 909 ‚

324 925 409 973 Per
432 937 565 992 caput
586 925 743 974 infusae
765 926 959 975 fervidus
981 927 1142 976 humor
1163 946 1311 994 aquae:

257 1000 407 1067 thue
431 1020 588 1067 parum
612 1001 731 1060 miti,
755 1002 830 1051 sed
855 1021 947 1050 non
968 1002 1149 1069 impune
1164 1040 1176 1061 ‚
1201 1003 1516 1062 Prometheus,

323 1078 480 1127 Aerias
503 1077 704 1127 volucres
727 1079 938 1142 sanguine
959 1079 1073 1128 fixus
1095 1079 1186 1128 alas
1204 1099 1215 1129 :

254 1200 383 1245 patriae.
409 1200 494 1245 Quo
509 1200 677 1246 supplicio
693 1203 737 1236 sit
754 1201 910 1238 adfectus
925 1228 935 1246 ,

253 1267 327 1289 non
339 1254 418 1289 satis
428 1253 647 1289 constituunt
656 1254 823 1289 Annales.
832 1254 936 1290 Dom.

305 1306 378 1349 284.
408 1306 444 1340 A
470 1307 555 1340 duce
580 1306 736 1340 Puniceo.
770 1307 935 1352 Ct‘nypht'o

255 1356 456 1392 Constantii
469 1357 577 1391 codex
589 1371 597 1398 ;
617 1356 796 1402 quomodo
808 1358 935 1392 Noster

255 1410 404 1444 Metam.
420 1410 507 1453 XV,
523 1421 611 1443 vers.
626 1410 688 1454 755
702 1434 712 1452 ,
736 1410 933 1456 Cinyphiam

252 1463 378 1496 Jubam
393 1460 487 1496 dixit.
507 1461 641 1496 Hmns.

307 1513 380 1548 286.
402 1514 467 1547 Cui
477 1514 569 1547 nihil
586 1513 727 1547 Hercei.
752 1512 932 1556 Priamus,

252 1564 432 1610 desperata
443 1565 551 1599 salute
563 1577 624 1599 sua
635 1571 669 1599 et
681 1577 825 1599 suorum
835 1591 845 1608 ,
857 1577 935 1600 con-

251 1617 345 1662 fugit
360 1616 403 1652 ad
417 1629 511 1651 aram
525 1616 622 1650 Jovis
633 1616 790 1660 Hercaei,
807 1629 885 1661 quae
896 1617 934 1651 in

253 1669 371 1705 media
385 1671 479 1716 regia
493 1677 569 1704 erat
581 1696 590 1713 ,
609 1670 668 1704 ubi
686 1682 705 1703 a
721 1669 860 1716 Pyrrho
874 1670 936 1704 oh-

252 1731 434 1759 truncatus
457 1730 509 1758 est
534 1737 542 1760 :
565 1723 652 1758 nihil
679 1723 776 1757 enim
802 1723 935 1771 profuit

259 1789 395 1811 numen
421 1776 528 1810 Jovis.
546 1775 650 1811 DOM.
672 1775 762 1809 Vide
788 1776 935 1811 omnino

256 1829 383 1874 Virgil.
406 1827 550 1862 AEneid.
569 1829 625 1870 11,
654 1831 727 1862 512.
744 1841 818 1873 sqq.

300 1881 375 1925 287.
402 1881 510 1924 thue
532 1883 626 1914 dedit
644 1883 764 1915 sallus.
787 1880 934 1915 Plutar-

253 1932 339 1967 chus
357 1939 531 1966 memorat
557 1932 798 1966 divinatricem
822 1946 935 1979 quan-

254 1983 335 2017 dam
347 2010 355 2026 ,
371 1984 596 2029 Aglaonicem
607 1984 767 2028 nomine,
781 1984 934 2030 Egemo-

253 2037 308 2071 nis
324 2036 480 2071 Thessali
501 2035 607 2070 filiam
624 2063 633 2080 ,
660 2050 769 2081 quum
789 2037 825 2071 in
845 2037 934 2072 Ossa

252 2096 374 2123 monte
398 2089 506 2122 Lunae
530 2089 639 2123 coitus
657 2089 876 2132 observaret,
895 2089 932 2123 in

250 2141 382 2186 judicio
407 2141 601 2176 convictam
621 2168 630 2186 ,
661 2155 679 2175 a
697 2142 908 2176 mulierculis
921 2169 931 2185 ,

251 2192 527 2227 existimantibus
554 2194 596 2227 ab
621 2205 661 2227 ea
686 2193 823 2227 Lunam
849 2192 933 2228 caelo

251 2244 396 2289 deduci,
421 2245 628 2290 gravissimis
653 2245 822 2281 adfectam
846 2259 934 2291 sup-

250 2298 358 2343 pliciis
377 2324 385 2340 ,
419 2305 455 2331 et
485 2311 525 2331 ex
555 2297 646 2333 Ossa
673 2299 931 2343 praecipitatam.

253 2350 341 2384 DEs.
357 2369 401 2375 -
418 2352 454 2384 E
465 2363 599 2384 summa
623 2352 806 2386 Thessalus
832 2353 932 2387 Ossa.

253 2404 310 2436 De
319 2414 446 2436 summo
461 2410 612 2447 quatuor
626 2403 744 2447 scripti
760 2410 794 2438 et
811 2405 932 2448 primae

251 2454 424 2489 editiones
437 2470 444 2496 ;
465 2455 512 2491 sic
524 2456 672 2491 Metam.
684 2457 717 2491 X
728 2484 736 2500 ,
759 2458 871 2492 OE'tam
883 2458 932 2492 bis

252 2504 445 2539 masculino
461 2519 588 2550 genere
604 2507 689 2542 dixit
700 2534 709 2551 ,
731 2515 768 2543 ut
786 2508 822 2542 in
842 2508 933 2553 opti-

252 2558 318 2591 mis
343 2564 394 2591 est
418 2557 591 2593 codicibus
608 2586 616 2602 ,
639 2567 673 2594 et
696 2566 772 2594 tum
791 2562 823 2596 τὲ
834 2574 934 2597 mons

252 2609 533 2654 subintelligitur.
551 2611 608 2645 Sic
629 2613 752 2657 Othrys
764 2626 806 2659 ap
833 2614 935 2648 Grae-

253 2673 311 2695 cos
330 2660 493 2694 feminini
514 2663 648 2706 generis
666 2671 735 2707 est,
755 2665 936 2700 masculini

253 2712 344 2757 apud
366 2712 555 2748 Romanos.
579 2713 713 2748 HEINs.

1047 1204 1122 1250 289·
1146 1202 1222 1237 Aut
1242 1205 1335 1237 velut
1350 1204 1504 1250 Euryali.
1522 1203 1677 1239 Haemon

1002 1253 1115 1288 filium
1126 1253 1247 1288 habuit
1256 1254 1462 1290 Thessalum
1471 1281 1481 1299 ‚
1494 1255 1679 1292 Thessaliae

1001 1318 1120 1351 regem
1129 1331 1137 1348 ,
1145 1305 1208 1351 qui
1219 1306 1261 1340 ab
1270 1305 1424 1353 Euryalo
1432 1306 1586 1352 advena(
1595 1320 1678 1343 nam

1001 1365 1077 1393 erat
1090 1357 1313 1405 Corcyraeus)
1319 1372 1360 1394 ex
1366 1358 1454 1410 Ossa
1463 1367 1584 1396 monte
1593 1374 1678 1408 prae-

1000 1409 1159 1454 cipitatus
1178 1417 1239 1445 est.
1253 1410 1305 1445 Ea
1315 1411 1408 1446 caede
1419 1411 1528 1457 quum
1538 1414 1678 1460 purgari

1001 1474 1074 1497 non
1087 1470 1203 1508 posset
1215 1463 1387 1511 Euryalus
1398 1490 1407 1508 ,
1424 1464 1584 1501 deditum
1596 1467 1678 1515 Sty-

1001 1514 1064 1559 giae
1079 1513 1197 1560 paludi
1212 1523 1315 1561 caput
1328 1542 1337 1560 ,
1359 1516 1538 1554 furialibus
1554 1520 1680 1566 angui-

1000 1566 1064 1601 bus
1080 1566 1206 1601 dicitur
1223 1568 1435 1613 absumptus.

1000 1618 1003 1620 ’
1045 1631 1121 1665 29¹·
1139 1619 1282 1654 Minoia.
1294 1619 1416 1656 Minos
1430 1648 1440 1665 ,
1457 1622 1500 1657 ob
1511 1622 1679 1668 injuriam

1001 1680 1177 1717 acceptam
1193 1685 1213 1707 a
1229 1672 1375 1708 Daedalo
1386 1701 1396 1718 ,
1413 1674 1612 1723 labyrintho
1623 1677 1679 1712 fa-

1000 1724 1131 1759 bricato
1144 1751 1153 1768 ,
1177 1737 1259 1759 eum
1282 1725 1385 1761 classe
1410 1735 1609 1771 persecutus
1626 1735 1679 1764 est

1001 1776 1042 1810 ad
1054 1775 1220 1811 Cocalum
1231 1789 1350 1822 regem
1359 1777 1486 1813 Siciliae
1495 1806 1505 1823 ‚
1518 1779 1560 1814 ad
1571 1792 1678 1825 quem

1000 1829 1217 1875 confugerat,
1227 1830 1413 1876 multisque
1422 1832 1592 1876 praeclaris
1601 1845 1679 1879 ope-

1000 1881 1095 1915 ribus
1103 1881 1216 1925 editis,
1225 1881 1313 1916 illius
1319 1882 1464 1927 gratiam
1472 1883 1534 1918 sibi
1541 1897 1678 1931 compa-

1000 1939 1136 1966 raverat
1153 1946 1160 1967 :
1175 1945 1283 1978 quum
1292 1934 1446 1978 primum
1457 1934 1578 1970 Minos
1593 1936 1678 1971 clas-

999 1996 1073 2017 sem
1090 1983 1220 2029 adpulit
1235 1984 1273 2018 in
1289 1984 1441 2020 Siciliam
1455 2012 1465 2030 ,
1485 1986 1677 2022 hostiliter-

1000 2048 1066 2080 que
1080 2049 1200 2081 agrum
1216 2036 1458 2082 popularetur,
1474 2036 1622 2074 Cocalus
1632 2039 1676 2074 ad

982 2119 985 2123 «
1000 2087 1208 2133 colloquium
1221 2101 1302 2123 eum
1316 2090 1533 2133 provocavit,
1547 2102 1677 2136 propo-

999 2139 1062 2174 sita
1071 2154 1128 2185 spe
1143 2141 1293 2175 dedendi
1303 2141 1448 2176 Daedali.
1456 2142 1607 2177 Tamdiu
1618 2155 1676 2177 au-

1000 2200 1070 2228 tem
1090 2194 1188 2238 jussit
1202 2207 1284 2228 eum
1303 2196 1338 2229 in
1359 2195 1505 2230 thermis
1518 2195 1674 2231 clausum

1000 2254 1177 2291 expectare
1191 2274 1200 2289 ,
1217 2247 1331 2292 quoad
1348 2248 1531 2293 vap'oribus
1546 2247 1676 2283 calida-

999 2312 1078 2333 rum
1090 2313 1257 2345 aquarum
1270 2309 1321 2337 cst
1333 2302 1527 2336 exstinctus.
1545 2301 1674 2336 Exani-

999 2364 1097 2385 mum
1116 2366 1241 2398 corpus
1257 2352 1407 2387 reddidit
1422 2353 1521 2388 sociis
1534 2380 1543 2397 ,
1567 2354 1676 2389 adfir-

1000 2416 1099 2438 mans
1113 2418 1194 2439 eum
1206 2418 1284 2440 casu
1299 2404 1431 2449 lapsum
1447 2404 1483 2439 in
1497 2419 1603 2451 aquas
1617 2420 1677 2442 ca-

999 2457 1083 2492 lidas
1098 2467 1277 2494 mortuum
1295 2471 1378 2492 esse.

1046 2511 1118 2557 293.
1149 2512 1256 2555 thue
1275 2523 1397 2553 parum
1425 2513 1525 2545 mins.
1556 2510 1676 2546 Scribe

999 2565 1092 2604 miti,
1111 2569 1145 2596 et
1159 2562 1254 2595 refer
1270 2561 1310 2594 ad
1329 2563 1362 2596 τὸ
1377 2565 1550 2605 sanguine.
1572 2562 1619 2596 H.
1631 2580 1674 2588 --

998 2614 1145 2657 Impune,
1157 2614 1379 2647 Prometheus.
1393 2612 1637 2658 Prometheus,
1655 2626 1675 2648 a

1001 2664 1158 2698 Vulcano
1174 2663 1335 2708 religatus
1351 2665 1387 2698 in
1400 2664 1555 2700 Caucaso
1568 2677 1674 2699 mon-

999 2724 1051 2760 te,
1065 2717 1170 2762 pascit
1180 2718 1329 2762 aquilam
1345 2731 1351 2752 :
1365 2719 1533 2763 quoniam
1543 2725 1579 2753 et
1589 2717 1673 2753 olim
