1794 3100
741 231 906 276 IBIS.
1489 249 1539 293 17

166 325 429 392 Armatique
454 323 558 374 tulit
580 323 763 382 vulnus,
790 324 970 373 inermis
995 343 1154 392 opem:

103 404 284 471 Quique
307 403 367 452 ab
389 422 504 470 equo
528 420 726 470 praeceps
749 402 796 450 in
820 401 947 451 Aleia
967 402 1132 451 decidit
1155 421 1280 461 arva,

166 482 330 539 Exitio
346 482 481 531 facies
503 482 574 530 cui
597 501 676 531 sua
696 501 818 548 paene
842 480 940 530 fuit.

1481 497 1547 530 260

103 560 184 621 Id,
210 560 332 628 quod
354 559 691 627 Amyntorides,
715 559 863 608 videas
878 597 889 618 ‚
915 557 1226 626 trepidumque
1249 559 1454 608 ministro

169 639 412 688 Praetentes
434 636 620 697 haculo,
646 636 828 686 luminis
852 637 1015 697 orbus,
1038 636 1150 685 iter:

102 759 190 792 bibit
205 758 310 792 ubera
324 768 436 792 cerooe.
459 755 637 802 Telephus
660 756 718 791 ἆπὲ
737 764 792 795 τῖς

102 814 205 852 Βηλῐς
216 815 336 851 καὶτοῦ
357 810 487 856 ε’λοέᾳου,
508 807 601 843 filius
628 806 793 843 Herculis

103 869 141 898 et
167 862 303 908 Auges',
326 860 407 896 filiae
426 860 518 904 Alei,
536 860 630 895 inter
643 860 794 906 virgulta

93 914 272 950 vinventus
288 920 360 955 est,
378 912 533 948 nutritus
551 926 569 947 a
586 926 687 948 cerva
702 940 712 956 ,
734 912 796 947 do-

107 974 213 1002 natus
224 980 243 1002 a
254 965 450 1013 pastoribus
461 964 636 1013 Corytho,
648 965 797 1000 Thessa-

104 1018 160 1054 liae
173 1017 258 1064 regi.
275 1018 374 1052 Dum
388 1030 430 1052 ex
445 1018 586 1052 oraculo
600 1016 793 1058 didicisset,

107 1078 261 1107 matrem
270 1069 466 1116 fugientem
480 1076 665 1115 paternam
682 1068 770 1104 iram
784 1096 794 1113 ,

107 1122 165 1158 vel
178 1121 295 1168 potius
310 1120 472 1157 emissam
494 1134 513 1154 a
534 1127 630 1166 patre
653 1121 697 1155 ob
721 1127 798 1155 stu-

108 1188 215 1222 prum
231 1188 312 1211 cum
329 1173 485 1210 Hercule
499 1199 509 1217 ,
535 1173 733 1219 pervenisse
759 1174 796 1207 in

109 1227 266 1276 Mysiam
278 1253 288 1272 ,
303 1239 348 1262 eo
361 1227 397 1261 se
409 1226 559 1262 contulit
574 1239 582 1261 :
598 1226 657 1260 ubi
674 1239 693 1260 a
704 1227 798 1261 Teu-

108 1279 250 1316 thrante
275 1291 358 1324 rege
393 1285 430 1313 et
464 1277 566 1323 Auge
604 1277 708 1313 ducta
743 1285 797 1313 est

107 1342 209 1377 uxor,
226 1339 263 1368 et
273 1330 450 1376 Telephus
464 1330 574 1365 sactus
590 1329 681 1365 filius
693 1356 702 1375 ,
716 1343 797 1366 suc-

108 1398 223 1422 cessor
262 1382 386 1429 regni,
427 1381 631 1418 vulneratus
667 1389 719 1417 est
753 1381 796 1417 ab

110 1437 257 1474 Achille.
272 1436 378 1472 Don.

153 1491 229 1526 258.
242 1490 440 1534 Armatique
451 1490 532 1524 tulit
542 1490 664 1523 vulnus
674 1491 798 1523 inerme

102 1548 232 1588 polens.
241 1543 370 1587 Vulgus
379 1540 543 1575 nonnulli
553 1553 689 1583 ;versus
699 1553 798 1574 men-

110 1596 226 1632 dosus.
247 1596 290 1631 In
307 1608 405 1630 arma
413 1601 536 1639 potens
553 1593 796 1629 Constantius.

109 1649 252 1685 Scribe:
269 1662 288 1679 α
303 1648 543 1693 Armatusque
555 1647 635 1682 tulit
648 1646 773 1682 vulnus
785 1673 795 1691 ,

109 1700 258 1737 inermis
281 1712 409 1746 opem3
434 1714 452 1730 ι»
471 1699 524 1734 vel
539 1727 548 1740 ,
573 1700 791 1745 Armatique,

109 1753 206 1801 quod
221 1754 295 1800 jam
311 1752 368 1789 alii
383 1752 560 1788 viderunt.
578 1753 799 1788 H.—Arma-

109 1810 199 1854 tique
213 1809 293 1843 tulit
308 1807 430 1841 vulnus
441 1831 450 1845 ,
468 1808 605 1840 inermis
622 1818 726 1850 opem.
744 1805 799 1840 Ut

109 1859 156 1895 sit
168 1871 291 1895 sensus
310 1870 320 1893 ι
338 1857 413 1903 Qui
431 1857 560 1892 vulnus
580 1857 622 1892 ab
636 1864 773 1892 armato
787 1884 796 1900 ,

112 1910 150 1946 id
163 1918 216 1947 est
227 1937 238 1955 ,
262 1911 360 1946 hoste
382 1909 516 1945 Achille
533 1909 799 1955 accepitsquod

116 1969 235 2008 postea
245 1962 406 2010 ejusdem
418 1961 507 1997 illius
519 1962 732 1998 reconciliati
742 1975 799 1996 au-

116 2013 197 2049 xilio
213 2022 250 2050 et
262 2027 327 2060 ope
342 2022 505 2051 curatum
519 2015 597 2051 suit.

161 2068 238 2114 259.
270 2068 396 2112 Quique
418 2070 463 2103 ab
489 2081 571 2116 equo
590 2080 738 2112 proeceps
763 2071 800 2102 in

118 2116 221 2152 Aleis
238 2119 366 2152 decidit
383 2122 484 2153 arms.
507 2119 561 2153 lta
581 2119 646 2153 viri
670 2118 800 2153 eruditi

118 2170 372 2213 restituerunt,
389 2181 499 2214 quum
513 2171 550 2205 in
567 2171 702 2216 scriptis
717 2184 800 2205 ma·-

117 2222 187 2268 iori
199 2235 241 2257 ex
257 2229 354 2268 parte
371 2220 468 2256 libris
483 2221 670 2268 legeretur,
686 2226 802 2258 aliena

118 2278 154 2311 in
166 2277 295 2311 decidit
303 2288 404 2315 arva,
423 2273 480 2309 vel
491 2277 606 2310 aliena
616 2280 738 2312 incidit
748 2290 801 2312 ar-

118 2341 170 2364 va.
195 2327 343 2373 Repone
365 2330 403 2360 in
423 2327 528 2360 Aleia
548 2329 675 2363 decidit
693 2342 796 2371 arva,

119 2393 204 2417 nam
231 2379 363 2416 Graecis
388 2371 489 2420 Α’λήικ
510 2385 602 2416 πεδια
627 2389 738 2426 sunt,
769 2389 804 2417 et

119 2437 222 2470 πεὸἰόν
235 2425 359 2474 Δλῆῑον.
374 2432 510 2476 Plinio,
528 2433 586 2467 lib.
602 2433 631 2464 Χ
639 2446 731 2478 ,cap-
748 2448 803 2478 27,

122 2500 235 2532 camp!
233 2488 360 2528 Alea,-
375 2459 576 2527 Homeius,
597 2486 694 2521 Iliad.
706 2494 748 2531 Z,
761 2487 805 2521 de

121 2539 429 2599 Bellerophonte:
451 2547 526 2577 Broc
549 2543 560 2575 ὸ
584 2545 747 2575 κακκεδιον
773 2543 807 2576 rb

122 2585 239 2636 Α’λῆῑον
268 2598 328 2633 οἶος
353 2596 444 2629 &Hm
465 2602 509 2631 Ον
525 2597 625 2639 ,θυμω
649 2597 805 2638 mrim-1,

122 2661 215 2682 κατον
227 2646 410 2691 ἀνθρώπων
396 2651 546 2682 αλέεινων.
570 2646 663 2691 Quae
679 2646 808 2681 Cicero

121 2697 172 2734 sic
194 2698 300 2733 vertit
323 2711 331 2733 :
350 2713 368 2728 «
391 2699 466 2744 Qui
487 2700 597 2740 ‚miser
620 2700 653 2733 in
678 2700 807 2745 campis

123 2763 275 2787 moerens
297 2751 434 2787 errabat
455 2751 572 2796 Aleis,
599 2753 676 2797 Ipse
704 2765 807 2787 suum

283 2820 434 2865 VIII.

856 767 918 790 cor
943 753 1075 797 edens,
1102 752 1292 788 hominum
1320 754 1463 801 vestigia
1487 754 1547 789 vi-

857 813 962 848 tans3
979 821 995 836 »
1016 779 1076 840 ubi
1093 809 1218 840 alienis
1240 806 1348 840 etiam
1371 814 1451 842 ante
1473 807 1551 842 Be-

857 858 1020 894 roaldum
1034 857 1235 904 legebatur3
1255 847 1435 903 quomodo
1447 867 1483 894 et
1495 872 1550 905 ap.

860 912 1047 959 Hyginum
1066 911 1263 945 etiamnum
1279 910 1529 947 circumfertur
1540 939 1551 956 ,

858 978 970 1011 quum
996 964 1224 1000 scribendum
1253 965 1322 1006 sit,
1351 967 1550 1001 Chimoeram

857 1031 958 1062 super
974 1019 1142 1063 Pegasum
1162 1020 1284 1052 sedens
1307 1018 1496 1063 interfecit,
1519 1023 1554 1052 et

860 1073 1028 1106 decidisse
1048 1073 1175 1106 dicitur
1194 1074 1230 1105 in
1252 1084 1390 1116 campos
1406 1072 1529 1106 Aleios
1541 1100 1551 1114 ,

860 1124 948 1157 unde
971 1125 1073 1157 etiam
1099 1135 1208 1157 coxas
1223 1122 1374 1167 fregisse
1403 1125 1549 1162 dictim,

861 1187 936 1209 non
946 1187 1054 1209 coxas
1063 1176 1229 1219 ejecissffi·
1241 1175 1312 1210 Tze
1318 1182 1387 1210 tzes
1400 1174 1554 1211 Chiliad.

860 1227 937 1262 IV:
951 1231 1184 1286 Βελλεροφόντης
1207 1233 1256 1292 ἥρ,
1232 1235 1277 1268 9η
1297 1232 1329 1263 δὲ
1346 1232 1415 1278 πρὸς
1432 1231 1535 1279 miscuas
1522 1233 1553 1264 ’ν

860 1279 998 1324 Πηγάσῳ
1009 1304 1019 1321 ,
1036 1288 1165 1328 Υστερου
1181 1281 1215 1314 ro'
1231 1272 1348 1320 ᾼλῆὶον
1361 1283 1468 1327 -υεὶὲν
1486 1286 1553 1326 εἶχε

863 1332 913 1364 τὸν
928 1331 963 1364 ἄν
951 1334 1046 1373 ,σᾶμα
1073 1329 1132 1364 ubi
1149 1329 1292 1365 ridicule
1306 1335 1339 1366 τὸ
1357 1332 1462 1372 &Mla-a
1479 1335 1557 1366 ino-

856 1383 952 1425 piam
969 1389 1136 1423 vertunt;
1160 1381 1256 1416 idem
1286 1381 1436 1418 Chiliad.
1460 1384 1490 1416 V
1495 1385 1554 1429 ΙΙ,

861 1433 904 1468 de
923 1433 1050 1468 eodem
1068 1434 1371 1480 Bellerophonte:
1389 1443 1454 1485 Tu?
1452 1440 1506 1476 λὲς
1525 1441 1557 1472 δὲ

863 1488 906 1523 εἰς
922 1488 955 1520 τὲ
969 1489 1081 1526 Abho-u
1095 1486 1209 1522 vam
1221 1491 1364 1526 Κιλικίας
1377 1514 1386 1531 ,
1403 1497 1440 1523 et
1456 1501 1554 1524 mox.

860 1542 937 1586 Hesi
959 1554 992 1582 γε
1017 1555 1050 1573 το
1078 1542 1192 1579 Albim
1218 1542 1320 1578 τόποις
1339 1548 1394 1578 τῆς
1411 1546 1555 1580 mmm

862 1594 998 1639 Διῖτρίεῖ
1014 1609 1206 1637 senatulum&
1227 1610 1255 1627 5⁸)
1269 1610 1330 1638 γει
1319 1610 1385 1633 ταις
1404 1611 1433 1644 fs]
1438 1611 1556 1640 ζμίαζς.

862 1644 1068 1698 Peliegetes
1093 1658 1101 1679 Ξ
1130 1652 1218 1682 Κεῖθι
1243 1650 1275 1681 δε
1306 1652 1359 1682 καὶ
1388 1652 1490 1683 πεδ’ων
1523 1651 1558 1684 τὸ

861 1700 995 1740 Αλήιόν,
1019 1704 1054 1732 et
1078 1697 1191 1732 Rufus
1212 1697 1371 1733 Festus
1361 1711 1398 1733 m
1423 1699 1556 1735 descri-

861 1749 982 1795 ptione
999 1750 1109 1785 orbis:
1123 1765 1140 1781 «
1158 1750 1229 1786 Hie
1245 1764 1362 1797 cespes
1379 1752 1447 1787 late
1465 1766 1552 1798 pro-

863 1802 1081 1838 ducitAleius
1091 1816 1209 1838 arva.»
1224 1804 1311 1848 Quo
1319 1804 1395 1839 loco
1404 1812 1554 1851 uterque

862 1853 1148 1900 Bellerophontis
1167 1855 1273 1890 etiam
1299 1857 1554 1893 meminerunt.

863 1908 911 1943 H.
929 1927 973 1934 —
988 1909 1030 1942 In
1048 1908 1149 1943 Aleis
1175 1910 1304 1942 decidit
1326 1913 1428 1943 arvis.
1451 1911 1554 1944 Aleis

862 1960 1054 2006 legendum
1071 1968 1145 2004 est,
1167 1973 1239 1994 non
1263 1968 1303 1995 ut
1323 1961 1467 2007 quidam
1490 1976 1552 1998 co-

864 2012 956 2047 dices
969 2012 1119 2056 habent,
1144 2016 1291 2047 Alienis.
1321 2014 1467 2051 Adludit
1489 2029 1554 2050 au-

866 2071 938 2100 tern
958 2073 1060 2111 poeta
1084 2065 1127 2100 ad
1152 2079 1272 2100 versus
1295 2066 1472 2112 Homeri,
1494 2069 1555 2114 qui

866 2118 908 2152 de
927 2118 1200 2162 Bellerophonte
1220 2118 1408 2164 leguntur,
1428 2121 1466 2155 ll.
1487 2122 1552 2156 VI.

867 2170 1007 2205 Mum.
1015 2189 1060 2195 -
1069 2173 1168 2204 Aleis
1187 2173 1314 2206 decidit
1326 2176 1426 2206 arm.
1441 2164 1553 2213 22²2-er

867 2223 1226 2259 vred⁸122v011antGraeci
1239 2237 1403 2270 campum
1417 2251 1425 2267 ,
1438 2226 1472 2259 iu
1485 2239 1556 2271 quo

867 2286 945 2324 post
958 2292 1076 2314 casum
1095 2292 1200 2314 suum
1218 2292 1366 2325 corpore
1386 2279 1496 2315 fracto
1517 2294 1557 2316 ac

869 2330 1047 2367 debilitato
1060 2332 1187 2366 erravit
1201 2331 1447 2376 Bellerophon.
1462 2334 1555 2367 ΖΑΒ.

904 2384 978 2418 261.
989 2385 1040 2423 ld,
1054 2386 1145 2429 quod
1154 2386 1187 2417 A
1189 2398 1221 2418 m
1217 2387 1402 2431 snio-rides,
1423 2388 1552 2426 videas,

868 2439 1091 2481 trepidumque
1106 2439 1257 2471 ministro
1274 2443 1338 2470 etc.
1355 2436 1501 2471 Phoenix
1510 2438 1556 2472 fi-

869 2488 934 2523 lius
952 2488 1158 2535 Amyntoris
1176 2488 1261 2531 fuit,
1281 2488 1340 2522 filii
1355 2487 1530 2535 Cercaphi
1543 2518 1552 2535 ‚

872 2553 977 2585 quem
991 2540 1187 2575 Ormenius
1197 2541 1328 2586 genuit.
1347 2542 1428 2583 Hic,
1445 2556 1556 2587 quum

872 2594 1017 2628 haberet
1035 2607 1110 2628 rem
1131 2606 1213 2628 cum
1230 2594 1348 2639 pellice
1369 2597 1497 2640 patris,
1521 2603 1560 2631 ut

873 2653 996 2680 auctor
1011 2653 1062 2680 est
1080 2647 1189 2681 Hom.
1205 2646 1379 2681 delatione
1397 2661 1557 2683 novercae

873 2707 1048 2735 accusatus
1064 2700 1219 2746 aufugit,
1237 2702 1404 2747 venitque
1421 2702 1463 2737 ad
1483 2704 1560 2738 Pe-

875 2752 992 2796 leum,
1010 2752 1150 2789 Achillis
1169 2761 1314 2799 patrem.

1279 2838 1301 2864 2
