1794 3100
235 248 338 311 :64
748 252 1172 299 ,excussus

507 347 581 394 Qui
600 348 702 384 simul
719 350 864 395 impurae
882 352 1000 386 matris
1014 352 1190 397 prolapsus
1207 352 1248 387 ab
1263 351 1338 386 alvo
1354 359 1427 397 est,

542 408 754 457 Cinyphiam
771 410 864 446 foedo
881 425 1023 457 corpore
1039 412 1161 458 pressit
1176 411 1353 447 humum?

284 493 392 540 Item
416 510 524 540 vers.
557 492 652 539 513
673 530 685 551 ‚
709 494 788 541 ubi
812 494 987 552 leaenas,
1016 495 1178 561 quibus
1204 507 1338 543 scatet
1363 495 1537 553 Africa,
1561 495 1700 544 Ibidis

283 566 520 634 populares
542 580 679 616 vocat.
720 571 884 617 Verum
908 571 1023 618 euim
1057 590 1159 619 vero
1177 608 1188 628 ,
1225 571 1260 618 si
1287 570 1543 636 conjecturae
1574 570 1698 619 locus

286 644 439 702 detur,
465 646 603 694 dicam
624 647 730 712 quid
745 667 826 710 ego
848 668 1022 696 sensero
1036 686 1048 706 ,
1071 661 1134 705 et,
1162 661 1211 696 ut
1231 649 1347 715 apud
1368 648 1575 697 Plautum
1591 650 1700 697 Tra-

284 719 441 777 chalio,
454 722 691 786 promiltam
710 723 915 788 capillum,
932 723 1192 790 z'ncz'pl'amque
1202 724 1407 779 hariolari.
1421 726 1574 790 Neque
1588 725 1700 772 enim

284 795 531 861 cymbalum
571 797 679 845 illud
704 799 855 847 mundi
887 801 1137 865 Appionem
1170 800 1498 862 grammaticum
1530 799 1702 848 imitan-

290 875 394 922 dum
420 875 528 923 mihi
552 877 763 942 proposui
780 914 791 934 ,
819 877 894 943 qui
918 888 1024 925 teste
1048 876 1216 933 Plinio,
1240 876 1316 924 lib.
1344 877 1495 933 XXX,
1523 895 1615 942 cap.
1641 894 1669 924 2
1690 914 1702 934 ,

283 954 478 1020 prodidit
492 991 504 1011 ,
522 973 569 1002 se
583 973 785 1002 evocasse
803 955 983 1002 umbras
1001 954 1054 1005 ad
1073 953 1421 1018 percontandum
1435 954 1676 1002 Homerum
1690 992 1701 1011 ,

286 1050 371 1096 qua
393 1032 559 1097 patria,
588 1031 801 1097 quibusve
825 1029 1082 1096 parentibus
1097 1029 1268 1092 genitus
1293 1042 1428 1087 esset;
1449 1049 1543 1078 non
1562 1042 1705 1079 tamen

283 1129 437 1158 ausum
458 1109 680 1175 profiteri,
716 1109 822 1174 quid
847 1108 933 1156 sibi
965 1107 1280 1173 respondisset.
1323 1109 1428 1156 Non
1469 1108 1705 1172 Georgium

282 1186 563 1234 Joachimum
595 1184 858 1241 Rheticum‚
891 1184 1130 1250 Copernici
1165 1184 1455 1251 discipulum,
1491 1186 1705 1251 quem-fe-

285 1274 414 1318 runt,
442 1262 547 1309 dum
571 1261 618 1307 in
642 1272 765 1308 motu
793 1260 950 1308 Martis
969 1260 1150 1308 haereret
1172 1259 1642 1327 mirabundus,neque
1658 1279 1703 1310 se

286 1338 545 1405 explicaret,
566 1339 621 1385 ad
640 1337 767 1386 Genii
784 1337 1008 1386 familiaris
1028 1337 1251 1386 oraculum
1272 1337 1517 1400 confugisse
1536 1357 1547 1385 ε
1568 1349 1703 1404 atque

286 1415 389 1463 hinc
414 1427 711 1481 exasperatum
736 1417 948 1463 Daemona
981 1415 1265 1464 sciscitatoris
1293 1415 1536 1481 importuni
1574 1426 1704 1480 caput

285 1492 341 1540 ad
366 1492 599 1540 imminens
623 1492 802 1557 laquear
825 1492 1054 1550 afflixisse,
1080 1493 1325 1559 iterumque
1351 1492 1520 1541 dimissi
1541 1511 1704 1559 corpus

287 1570 342 1618 ad
368 1570 665 1636 pavimentum
690 1569 999 1635 proturbasse‚
1023 1569 1174 1618 addito
1196 1589 1438 1636 responsoz
1471 1570 1589 1618 hunc
1612 1587 1704 1618 esse
1737 1583 1751 1600 ⁸

286 1658 457 1694 motum
472 1647 630 1694 Martis
644 1683 655 1703 ,
681 1657 732 1693 ut
754 1645 886 1694 refert
906 1647 935 1693 J
939 1664 1100 1694 oannes
1118 1645 1357 1712 Keplerus,
1382 1644 1567 1711 epistola
1585 1644 1706 1693 dedi-

287 1724 450 1772 catoria
473 1723 527 1771 ad
551 1722 840 1789 Rudolphum
864 1723 1181 1790 imperatorem.
1207 1724 1324 1771 Tota
1353 1742 1423 1771 res
1447 1721 1706 1787 conjecturis

290 1813 537 1867 peragetur.
555 1802 709 1865 Itaque
725 1800 926 1866 suspicor
943 1800 993 1847 C.
1013 1801 1041 1847 J
1044 1799 1182 1848 ulium
1202 1799 1427 1864 Hyginum
1448 1817 1559 1856 esse,
1576 1817 1706 1864 quem

289 1878 476 1926 Ovidius
493 1877 595 1925 ficto
617 1877 793 1925 nomine
813 1877 912 1924 lbin
931 1875 1133 1942 appellat.
1162 1875 1293 1923 Illum
1317 1876 1494 1941 inquam
1508 1912 1520 1933 ,
1544 1875 1598 1923 de
1614 1895 1703 1942 quo

288 1957 522 2004 Suetonius
539 1994 550 2012 ,
587 1956 704 2003 libro
744 1955 796 2002 de
828 1955 1069 2003 Illustribus
1116 1954 1402 2002 Grmnmatim·
1420 1993 1431 2010 ,
1475 1953 1628 2002 ret-ulit
1657 1955 1704 2001 in

288 2032 378 2080 haec
409 2033 539 2080 verba
568 2053 577 2080 z
618 2056 638 2074 «
666 2033 798 2080 Caius
819 2031 967 2080 Julius
999 2031 1224 2098 Hyginus.
1262 2031 1456 2094 Augusti
1485 2030 1671 2080 libertus
1689 2069 1701 2087 ‚

216 2131 219 2134 “
293 2132 315 2151 »
342 2109 520 2157 natione
546 2109 792 2174 Hispanus,
821 2109 902 2157 etsi
923 2107 1125 2161 nonnulli
1149 2107 1497 2155 Alexandrinum
1519 2118 1701 2174 putant.

293 2209 314 2228 n
344 2198 386 2234 et
407 2205 432 2233 a
453 2187 620 2234 Caesare
638 2204 824 2251 puerum
843 2187 1030 2233 Romam
1043 2185 1268 2232 advectum
1285 2183 1546 2233 Alexandria
1563 2196 1702 2250 capta,

292 2286 314 2305 »
339 2264 535 2312 studiose
566 2275 610 2310 et
629 2262 752 2310 avide
776 2263 1067 2310 imitatus-est
1103 2261 1358 2310 Cornelium
1379 2261 1699 2317 Alexandrum,

291 2363 312 2381 n
340 2340 665 2403 grammaticum
686 2357 873 2401 graecum
888 2375 899 2396 ,
926 2356 1054 2403 quem
1068 2350 1251 2404 propter
1269 2337 1539 2402 antiquitatis
1557 2338 1702 2386 notio-

293 2439 315 2457 »
344 2435 444 2464 nem
470 2414 791 2481 Polyhistorem
822 2413 972 2472 multi,
999 2414 1175 2480 quidam
1208 2413 1448 2462 Historiam
1475 2413 1700 2462 vocabant.

293 2517 314 2536 »
343 2494 524 2541 Praefuit
541 2492 746 2541 Palatinae
759 2492 1064 2549 bibliothecae,
1087 2509 1167 2539 nec
1182 2491 1322 2539 multo
1335 2490 1474 2539 secius
1488 2490 1704 2557 plurimos

293 2593 315 2613 »
345 2570 527 2626 docuit,
558 2570 732 2635 fuitque
759 2569 927 2617 Ovidio,
946 2580 1087 2634 poetae
1108 2567 1493 2626 familiarissimus,
1528 2580 1572 2616 et
1595 2567 1702 2616 Caio

293 2669 316 2689 »
342 2646 513 2699 Licinio
540 2646 759 2694 consulari
782 2647 995 2694 historico
1013 2683 1024 2704 ‚
1061 2645 1137 2712 qui
1160 2664 1259 2694 eum
1276 2646 1513 2693 admodum
1537 2663 1702 2710 paupe-

294 2745 317 2766 »
343 2712 434 2771 rem
449 2722 682 2770 decessisse
697 2723 843 2780 tradit,
855 2734 899 2771 et
915 2720 1170 2771 liberalitate
1186 2740 1276 2779 sua,
1295 2721 1438 2786 quoad
1455 2721 1583 2780 vixit,
1603 2739 1700 2768 sus-
