1794 3100
275 255 353 281 100
696 242 747 284 P.
791 242 1243 290 OV1D11-V1TA

268 333 344 380 tim
372 332 512 380 dicere
546 334 676 382 nobis
707 335 798 384 sine
825 348 932 384 teste
957 356 1046 385 non
1078 337 1191 387 licet.
1231 340 1298 387 Ex
1321 341 1420 407 ipso
1447 354 1614 392 tantum
1636 345 1681 392 in

268 426 424 469 genere
447 408 647 456 novimus
667 447 678 466 ,
705 429 802 458 eum
827 430 926 460 cum
949 411 1081 460 fratre
1096 413 1247 479 ,patris
1275 433 1377 463 cura
1406 422 1415 440 ¹
1444 418 1596 466 Romae
1619 431 1680 467 te-

264 483 380 531 neris
398 485 453 532 ab
471 480 596 534 annis
610 486 807 536 excultos
824 500 868 537 et
878 501 1105 539 instltutos
1117 490 1277 548 suisse;
1301 504 1432 558 atque
1443 511 1680 557 inslgmum

264 563 574 624 magistrorum
595 564 767 637 scholas
786 566 1096 632 frequentasse.
1131 569 1306 617 Etenim
1325 571 1459 619 Trist.
1491 570 1568 620 lib.
1599 574 1676 631 IV,

260 638 384 702 Eleg.
412 653 464 697 X,
491 659 600 689 vers.
635 641 689 688 15
713 654 755 690 et
784 642 865 700 16,
893 644 1039 692 canit:

477 739 642 773 Protinus
657 740 845 775 excolimur
857 746 977 783 teneri,
996 755 1147 787 curaque
1155 747 1307 787 parentis

521 795 615 830 Imus
633 795 675 830 ad
690 795 841 841 insignes
857 800 946 832 urbis
963 799 1004 833 ab
1022 806 1094 833 arte
1112 799 1213 834 viros.
1229 843 1231 845 Ι
1246 831 1248 833 .

259 871 396 934 Quod
427 872 656 936 subjungit
679 893 760 921 nos
784 873 934 932 docet,
962 895 1057 941 quae
1079 877 1310 943 utriusque
1330 878 1462 927 fuerit
1475 879 1672 938 indoles,

258 958 302 994 et
324 966 413 1012 quo
431 947 520 1011 jam
543 966 566 994 a
591 943 777 1014 pueritia
799 950 1095 1016 propenderet
1118 953 1343 1015 ingenium
1362 974 1372 1002 :

448 1088 454 1096 ι
474 1045 597 1078 Frater
614 1047 665 1079 ad
676 1049 837 1090 eloquium
856 1047 957 1081 viridi
974 1051 1131 1083 tendebat
1145 1050 1186 1084 ab
1204 1063 1296 1094 aeVO,

516 1101 635 1135 Fortia
651 1103 785 1137 verbosi
802 1110 901 1138 natus
918 1104 959 1139 ad
976 1106 1163 1150 armasori.

473 1155 521 1189 At
538 1158 623 1190 mila·
637 1156 709 1200 jam
720 1171 825 1200 puero
838 1156 985 1193 caelestia
1001 1173 1095 1194 sacra
1111 1160 1291 1205 placebant
1304 1175 1314 1203 ;

514 1211 627 1255 Inque
643 1224 746 1245 suum
761 1212 887 1247 furtim
905 1215 1008 1249 Musa
1020 1214 1177 1250 trahebat
1193 1229 1277 1260 opus
1288 1243 1298 1259 ‚
1315 1223 1378 1251 etc.

251 1287 578 1351 Incompertum
598 1307 699 1335 vero
730 1301 796 1337 est
809 1327 820 1345 ‚
847 1310 958 1355 quos
980 1292 1351 1358 frequentaverint
1369 1297 1670 1359 grammateia,

251 1365 326 1430 qui
344 1363 543 1412 solebant
561 1365 631 1413 his
650 1367 924 1432 temporibus
943 1369 1073 1433 primi
1091 1389 1332 1436 puerorum
1346 1390 1438 1420 esse
1457 1371 1673 1441 magistri.⁴

249 1442 469 1508 Equidem
504 1442 630 1491 Caius
658 1444 803 1492 Julius
835 1445 1050 1514 Hyginus,
1083 1447 1274 1509 Augusti
1309 1447 1516 1507 libertus,
1542 1450 1666 1499 illus-

249 1518 392 1567 tribus
412 1519 702 1581 grammaticis
721 1540 745 1568 a
763 1522 975 1569 Suetonio
996 1535 1303 1572 annumeratus
1318 1562 1330 1583 ,
1347 1525 1485 1574 eidem
1507 1526 1669 1577 dicitur

249 1596 388 1644 fuisse
386 1596 736 1660 fhmilianksz'mus
760 1596 909 1662 Ovidtb
919 1609 1055 1664 poelae
1078 1606 1094 1624 ²
1121 1619 1129 1646 ε
1154 1612 1224 1660 at,
1240 1620 1292 1649 eo
1312 1613 1439 1660 teste,
1464 1604 1666 1670 Hyginus

247 1671 425 1719 nonnisi
446 1690 558 1737 puer
572 1691 596 1719 a
608 1673 636 1719 J
639 1670 730 1719 ulio
747 1672 917 1739 Caesare,
930 1674 1117 1723 Romam
1133 1675 1335 1726 advectus
1347 1677 1452 1736 fuit,
1473 1680 1667 1728 Alexan-

248 1748 338 1795 dria
356 1759 500 1814 capta,
534 1749 621 1799 hoc
646 1762 739 1808 est,
766 1769 879 1798 anno
905 1753 960 1799 U.
989 1753 1037 1800 C.
1067 1765 1271 1802 DCCVII:
1297 1767 1348 1803 ut
1368 1756 1470 1804 hinc
1491 1776 1581 1804 non
1603 1758 1665 1806 vi—

246 1825 399 1873 deatur
441 1824 515 1874 ille
550 1827 639 1891 jam
678 1826 764 1874 hoc
808 1840 1003 1921 tempore
1038 1831 1324 1891 grammaticae
1350 1831 1665 1897 professionem

246 1903 503 1969 suscepisse.

305 1981 363 2027 ll
392 1981 484 2029 Sub
508 1980 596 2029 illis
616 1994 761 2031 autem
779 2001 1014 2048 puerorum
1037 1984 1258 2046 magistris
1273 2021 1284 2042 ,
1310 1986 1659 2048 grammaticesve

244 2057 571 2123 professoribus
595 2058 790 2121 linguam
826 2078 1005 2125 quoque
1036 2079 1215 2121 graecam
1248 2081 1331 2127 pro
1357 2082 1476 2111 mole
1508 2075 1659 2112 noster

242 2135 398 2201 procul
429 2135 562 2183 dubio
596 2135 772 2193 didicit;
799 2156 934 2202 quum
958 2155 1093 2199 graece
1117 2139 1297 2187 doctum
1320 2140 1487 2189 fuisse
1475 2154 1657 2209 ipsemet

240 2213 950 2277 indicet,T1ist.lib.lll‚Eleg.
980 2228 1212 2274 X11,ver.s
1240 2217 1330 2284 37;

460 2311 572 2346 Rarus
587 2311 628 2346 ab
646 2311 742 2346 Italia
763 2319 900 2346 tantum
917 2325 1012 2347 mare
1031 2315 1146 2348 navita
1163 2315 1307 2351 transit.

500 2368 618 2402 Litora
638 2381 735 2403 rarus
752 2369 786 2402 in
803 2368 876 2403 haec
895 2371 1065 2414 portubus
1082 2371 1165 2405 orba
1180 2371 1287 2406 venit.

455 2421 535 2457 Sive
553 2430 670 2458 tamen
691 2425 801 2458 Graia
814 2423 927 2458 scierit
939 2451 949 2467 ‚
967 2425 1036 2460 sive
1053 2425 1109 2459 ille
1126 2427 1252 2461 Latina

503 2480 592 2513 Voce
606 2481 715 2524 loqui,
733 2486 826 2514 certe
844 2480 974 2524 gratior
991 2481 1094 2525 hujus
1114 2483 1199 2525 erit,
1218 2489 1282 2518 etc.

283 2575 293 2592 ¹
319 2572 374 2605 De
392 2572 569 2616 utriusque
587 2572 738 2617 parentis
753 2573 806 2607 sui
821 2586 903 2608 cura
916 2601 925 2618 ,
947 2573 1053 2609 Trist.
1069 2575 1126 2609 lib.
1143 2576 1200 2619 ΙΙ,
1216 2588 1303 2610 vers.
1324 2577 1388 2620 343
1403 2584 1439 2611 et
1451 2589 1532 2622 seq:
1549 2591 1566 2607 ι(
1582 2577 1651 2611 Hei

238 2626 345 2670 mihi,
365 2626 458 2671 quod
474 2626 597 2660 didici!
623 2627 716 2671 quod
733 2640 789 2662 me
809 2631 946 2663 docuere
961 2638 1131 2673 parentes,
1167 2631 1349 2676 Literaque
1374 2639 1425 2668 est
1445 2632 1559 2668 oculos
1583 2631 1651 2666 ulla

238 2687 372 2715 morata
388 2680 503 2715 meos!
524 2696 541 2711 »

278 2739 292 2756 ³
315 2736 459 2771 Sueten.
478 2736 520 2770 de
538 2735 658 2771 illustr.
677 2737 869 2773 Grammat.
885 2752 957 2783 cap.
969 2752 1021 2773 αι.
