1794 3100
270 222 349 264 138
707 226 756 267 P.
798 225 1036 270 OVIDII
1073 226 1242 271 VITA

264 313 398 361 tradit
410 349 422 370 ‚
443 315 519 379 qui
538 315 591 361 ad
607 332 675 363 an.
696 317 750 364 U.
768 318 818 366 C.
833 328 1073 369 DCCXXXVI
1085 355 1096 376 ,
1113 318 1236 366 addit
1255 339 1265 367 ε
1290 341 1314 361 «
1329 320 1553 369 Omnibus
1566 356 1578 379 ,
1598 322 1677 388 'qui

266 412 289 432 >1
317 390 633 456 quadringenta
656 394 854 442 sestertia
873 390 1012 458 (devia)
1020 399 1215 458 μυριάδων
1230 434 1242 454 ,
1276 396 1440 445 scilicet
1454 397 1679 446 ‘drachma-

266 490 288 509 n
314 487 429 526 rum,
465 481 516 517 ut
548 470 712 536 optime
742 471 831 536 jam
866 471 1036 521 dudum
1062 473 1127 521 Cl.
1154 474 1408 523 Perizonius
1431 482 1442 501 ¹
1458 476 1677 542 monuit)

265 566 287 585 »
316 546 618 611 possiderent,
651 559 694 595 et
718 549 880 614 quibus
902 550 1182 612 magistratus
1215 569 1360 614 gerere
1383 569 1462 618 per
1482 552 1599 616 leges
1620 552 1677 600 li-

267 643 288 663 »
316 634 451 681 ceret,
479 642 631 672 eorum
655 626 948 691 petendorum
975 639 1237 694 potestatem
1260 628 1392 677 dedit.
1414 630 1544 677 Hunc
1562 629 1678 678 euim

266 720 288 740 ι)
317 700 582 752 senatorium
607 721 783 751 censum
799 741 811 760 ,
838 709 881 752 τὸ
906 709 1153 752 Βουλευτικόν
1171 711 1340 768 τίμημα,
1366 706 1490 772 prius
1512 706 1678 755 consti-

263 796 286 817 »
316 787 458 825 tuerat
479 815 490 835 ‚
523 798 651 844 quem
674 780 827 851 deinde
852 799 990 848 usque
1016 782 1069 830 ad
1094 783 1235 842 decies
1261 783 1506 832 sestertium
1524 795 1682 850 protu-
1703 771 1706 774 Δ

267 876 287 896 »
315 853 368 902 lit
389 875 397 901 :
425 877 447 897 ³>
470 867 602 922 atque
627 857 754 905 etiam
777 870 1002 924 postremo
1026 860 1080 907 ad
1104 859 1313 908 duodecies
1330 860 1451 909 H-S.·
1473 876 1548 908 seu
1569 860 1689 923 duo-2

261 932 403 981 decies
428 946 606 982 centena
628 934 945 1001 millia,-prout
971 937 1210 985 Suetonius
1236 943 1252 962 ²
1278 937 1452 985 indicat.

324 1012 393 1057 Ex
418 1011 580 1076 quibus
607 1011 772 1078 liquet,
806 1012 871 1061 fas
910 1014 1072 1062 Ovidio
1096 1013 1230 1067 fuisse
1255 1026 1361 1081 post
1387 1013 1503 1063 bella
1539 1013 1682 1063 civilia

259 1087 401 1153 sopita
436 1088 489 1135 ad
521 1088 613 1136 haec
647 1109 788 1156 usque
811 1102 1035 1157 tempora,
1058 1092 1105 1139 in
1130 1092 1291 1159 quibus
1314 1102 1679 1149 versamur‚·ma-

249 1163 447 1231 gistratus
465 1203 476 1220 ,
505 1180 585 1230 per
608 1184 723 1231 quos
745 1166 802 1214 ad
826 1179 1022 1215 senatum
1043 1179 1133 1216 erat
1157 1168 1321 1226 aditus,
1347 1179 1517 1234 petere,
1541 1166 1677 1215 modo

260 1241 551 1308 quadringenta
572 1244 703 1292 millia
725 1245 942 1293 habuerit.
969 1243 1081 1310 Quae
1104 1264 1379 1312 nequaquam
1401 1246 1450 1300 ei,
1465 1244 1651 1294 defuisse
1664 1283 1676 1303 ‚

260 1319 414 1368 exinde
439 1320 643 1383 colligere
674 1335 792 1370 certo
824 1342 1086 1388 possumus,
1127 1324 1247 1390 quod
1282 1340 1432 1389 reapse
1465 1322 1512 1370 id
1541 1340 1678 1385 genus

258 1398 587 1460 magistratibus
602 1400 659 1448 sit
672 1401 850 1450 functus
861 1439 872 1459 ,
895 1422 943 1450 ac
959 1402 1396 1464 lato'clavojndutus.
1412 1401 1535 1465 Quin
1548 1401 1678 1449 etiam

258 1474 348 1522 haec
378 1475 518 1524 fuerat
550 1489 651 1526 ante
686 1497 854 1527 summa
883 1496 1039 1527 census
1070 1477 1260 1544 equestris
1289 1498 1340 1527 ex
1372 1478 1469 1541 lege
1489 1478 1675 1534 Roscia,

261 1552 374 1600 sicut
395 1553 460 1601 vel
483 1555 695 1603 Horatius
720 1555 847 1603 docet
870 1555 946 1604 lib.
972 1558 1021 1614 I,
1045 1559 1128 1623 Ep.
1155 1570 1200 1615 Ι,
1224 1576 1334 1605 vers.
1362 1557 1418 1623 57
1444 1577 1454 1605 :

475 1651 515 1686 Si
532 1655 783 1697 quadringeni&
795 1680 804 1694 ‚
822 1667 879 1688 sex
891 1680 901 1697 ‚
918 1661 1050 1699 septem
1068 1653 1174 1688 millia
1185 1638 1315 1689 desunt
1328 1680 1338 1698 ,

474 1714 538 1748 Est
556 1715 692 1749 animus
711 1715 788 1758 tibi,
810 1722 892 1749 sunt
905 1727 1041 1758 mores,
1060 1722 1094 1749 et
1112 1714 1229 1760 lingua
1241 1741 1250 1758 ,
1269 1714 1445 1760 fidesque;

474 1776 573 1808 Plebs
590 1774 656 1809 eris
671 1801 680 1818 ‚
700 1782 764 1810 etc.

478 1836 636 1878 RosclA,
656 1835 711 1870 dic
729 1835 845 1878 sodes,
864 1836 990 1870 melior
998 1839 1076 1876 lez,
1097 1849 1141 1869 an
1157 1848 1349 1881 puerorum

477 1896 598 1930 Naenia
610 1922 619 1938 ,
645 1908 722 1941 quae
739 1909 889 1941 regnum
906 1903 998 1931 recte
1014 1896 1221 1931 facientibus
1239 1892 1354 1929 offert.

258 1975 349 2021 Nec
381 1973 476 2021 aliis
516 1973 676 2022 licebat
706 1973 752 2022 in
793 1986 876 2022 XIV
900 1974 1056 2022 theatri
1077 1973 1307 2040 ordinibus
1332 1972 1506 2030 sedere;
1542 1992 1678 2039 quum

262 2064 373 2103 esset
387 2072 435 2100 ea
448 2053 533 2118 lege
544 2053 699 2102 Roscia
710 2052 980 2101 decoctoribus
996 2062 1124 2100 certus
1139 2053 1250 2099 locus
1269 2051 1502 2100 constitutus
1511 2091 1523 2108 ,
1538 2070 1682 2118 quam-

260 2131 315 2180 vis
332 2131 419 2199 quis
426 2131 610 2194 fhrtunoe
631 2131 731 2179 m'tl'o
743 2170 754 2186 ‚
786 2151 863 2179 non
881 2150 954 2179 suo
972 2130 1195 2178 decoxisse!
1212 2128 1244 2177 ³.

324 2206 460 2270 Quod
483 2218 626 2255 tamen
647 2207 879 2269 Augustus
901 2207 962 2255 ita
984 2205 1264 2273 temperavit,
1289 2218 1340 2254 ut
1366 2227 1389 2247 «
1426 2224 1562 2271 quum
1583 2203 1694 2272 ple-'

264 2309 286 2327 υ
314 2285 440 2351 rique
463 2284 683 2351 equitum,
710 2284 862 2333 attrito
887 2283 1089 2332 civilibus
1111 2281 1242 2332 bellis
1265 2281 1552 2349 patrimonio,
1582 2298 1679 2348 spe-

267 2385 288 2404 »
318 2374 440 2411 ctare
461 2361 591 2412 ludos
612 2382 635 2410 e
658 2362 986 2429 quatuordecim
1011 2381 1103 2410 non
1132 2361 1365 2418 auderent,
1399 2370 1518 2407 metu
1541 2377 1679 2426 poenae

306 2498 317 2516 ¹
342 2495 486 2530 Dissert.
503 2495 620 2530 Triad.
637 2508 670 2541 p.
692 2496 775 2541 174,
798 2495 858 2529 ubi
878 2495 1049 2540 optimam
1074 2493 1284 2531 Suetonium
1308 2502 1389 2527 cum
1414 2490 1532 2526 Dione
1557 2489 1682 2525 conei-

261 2552 367 2587 liandi
390 2553 598 2587 methodum
618 2552 815 2598 proposuit,
834 2565 937 2597 quam
955 2559 1071 2597 postea
1093 2551 1148 2586 Cl.
1173 2550 1329 2586 Graevius
1344 2562 1406 2585 suo
1424 2546 1582 2595 probavit
1605 2546 1682 2582 cal—

263 2608 340 2642 culo
354 2633 363 2650 ,
391 2608 472 2643 Not.
491 2608 533 2642 ad
550 2609 647 2643 Suet.
668 2609 757 2654 Aug.
777 2621 848 2654 cap.
866 2610 917 2652 41.

305 2670 320 2688 2
342 2668 383 2701 In
401 2668 488 2713 Aug.
512 2680 583 2712 cap.
600 2674 651 2711 41.

307 2727 321 2748 ³
345 2727 470 2764 Cicero
481 2727 606 2772 Philip.
629 2728 672 2762 II.
