1794 3100
247 253 326 296 162
650 227 727 295 r.
765 252 1002 297 ovlnu
1035 252 1218 296 VITA

239 346 339 395 huit
359 364 474 394 anno
498 347 554 392 U.
572 346 634 393 C.
661 357 842 402 DCCLII,
870 364 958 410 quo
988 345 1173 410 proinde
1196 362 1413 394 summum
1434 363 1479 393 se
1499 344 1554 393 a'd
1572 350 1651 394 ex·—

242 422 507 489 peditionem
541 421 788 470 Parthicam
826 421 1058 470 accinxerit
1080 428 1116 480 ¹,
1142 433 1193 470 ut
1214 441 1329 470 anno
1357 421 1557 488 proxime
1586 440 1652 470 se-

243 500 396 566 quenti
420 517 535 547 arma
557 508 749 554 moveret,
789 510 834 547 et
865 498 1089 564 auspiciis,
1124 510 1168 547 et
1192 499 1308 547 annis
1338 500 1490 565 patris.
1516 501 1576 548 Et
1597 518 1649 548 eo

242 588 356 625 certe
371 588 563 641 tempore
573 606 575 610 ·
586 575 729 623 Caium
744 575 789 622 in
804 575 996 624 Parthos
1009 593 1108 623 cum
1122 574 1262 640 copiis
1277 575 1520 642 profectum
1535 594 1648 634 esse,

240 651 335 701 aliis
367 653 615 701 rationibus
637 651 811 701 invictis
833 651 936 700 olim
967 664 1071 718 post
1097 651 1152 700 cl.
1184 652 1301 701 viros
1324 652 1596 701 ostendimus
1615 658 1648 700 ².

239 730 409 777 Idcirco
436 741 478 778 et
499 730 602 777 hinc
625 741 820 787 constat,
850 728 1040 777 Ovidium
1066 730 1244 778 nonnisi
1266 730 1352 778 isto
1380 731 1439 780 U.
1463 731 1517 778 C.
1536 747 1651 778 anno

240 819 395 856 DCCLII
407 845 419 864 ‚
444 806 519 855 illa
542 807 594 861 de
615 806 712 856 Caii
721 807 780 855 -ad
793 806 955 856 bellum
970 807 1220 855 Parthicum
1235 819 1445 873 apparatu
1463 807 1652 855 carmina

239 886 452 942 scribere,
479 897 610 951 atque
631 885 739 933 adeo
765 886 903 951 ipsam
937 887 1084 934 Artem
1118 886 1376 934 Amaton'am
1409 885 1539 934 'edere
1566 904 1652 952 po-

239 963 395 1020 tuisse,
422 963 549 1010 tribus
571 960 730 1010 libellis
749 961 1017 1019 distinctam,
1044 965 1095 1010 ut
1106 962 1192 1028 ipsi
1208 962 1466 1028 superstites
1483 972 1653 1011 testan-

239 1051 332 1097 tur,
358 1058 406 1087 ac
429 1040 616 1105 ipsemet
638 1050 790 1087 auctor
811 1038 949 1087 Trist.
976 1038 1054 1087 lib.
1082 1040 1125 1086 II
1145 1058 1154 1096 ;
1177 1038 1282 1097 ubi,
1316 1058 1452 1104 quum
1474 1038 1530 1087 ad
1550 1040 1654 1087 Au—

239 1128 416 1178 gustum
434 1115 636 1172 dixisset,
658 1115 696 1162 ei
714 1116 752 1163 si
768 1115 880 1163 hanc
898 1115 1048 1163 Artem
1062 1114 1206 1177 legere
1224 1127 1433 1172 vacasset,
1453 1118 1518 1163 vs.
1538 1116 1652 1175 240:

497 1229 642 1266 Nullum
658 1231 793 1277 legisses
809 1231 942 1265 crimen
958 1231 995 1264 in
1012 1231 1122 1266 ARTE
1136 1243 1214 1265 mea
1228 1245 1236 1273 ;

234 1317 356 1366 addit
378 1336 486 1366 vers.
513 1316 606 1378 245
629 1328 672 1364 et
697 1315 790 1377 246
813 1336 823 1363 ε

451 1414 547 1449 Neve
565 1413 850 1464 quibus-scribam
867 1412 970 1457 possis
987 1412 1164 1454 dubitare3
1181 1413 1313 1446 libellas

497 1474 663 1518 Quatuor
678 1473 741 1507 hos
760 1485 877 1508 versus
892 1485 910 1507 e
927 1475 1033 1507 tribus
1049 1485 1134 1506 unus
1151 1471 1276 1515 habet,
1294 1478 1358 1506 etc.

297 1558 381 1605 III.
407 1557 529 1606 Artis
551 1557 788 1604 Amatoriae
807 1556 974 1622 epocha
991 1555 1052 1604 sic
1069 1555 1165 1604 fuse
1185 1555 1290 1604 satis
1308 1555 1503 1604 discussa
1523 1567 1567 1604 et
1583 1556 1651 1605 de-

231 1632 352 1681 finita
367 1633 478 1697 ,jam
495 1644 692 1680 constare
712 1644 901 1698 possunt
914 1650 1010 1701 quae
1027 1650 1159 1698 supra
1173 1632 1262 1696 (an.
1278 1632 1335 1678 U.
1350 1631 1399 1678 C.
1420 1631 1650 1703 DCQXLHI)

233 1710 287 1758 de
307 1712 512 1758 Amorum
539 1710 653 1757 libris
673 1709 944 1765 notavimus;
973 1726 1084 1774 quos
1118 1719 1217 1756 ante
1242 1707 1361 1757 illam
1384 1708 1541 1756 Artem
1555 1708 1651 1775 pri-

232 1806 353 1835 mum
376 1786 652 1852 conscriptos
672 1805 720 1834 ac
746 1786 907 1847 editos,
931 1787 997 1833 uti
1018 1797 1061 1833 et
1078 1786 1235 1834 iterum
1260 1786 1498 1851 recensitos
1520 1799 1651 1853 atque

233 1867 376 1913 denuo
397 1863 624 1927 vulgatos,
651 1883 786 1930 quum
809 1863 1003 1912 eamdem
1026 1862 1256 1911 moliretur
1278 1874 1432 1929 poeta,
1459 1876 1579 1929 patet
1599 1884 1652 1914 ex

230 1944 328 1990 Art.
356 1943 503 1989 Amat,
530 1940 608 1988 lib.
641 1943 707 1988 III
724 1978 735 1997 ,
760 1959 870 1988 vers.
906 1938 1024 2000 343,
1053 1938 1170 1996 535,
1195 1937 1336 1986 collat.
1373 1957 1470 1987 cum
1492 1941 1647 1989 Amor.

231 2018 306 2066 lib.
335 2021 379 2066 II
394 2057 404 2076 ,
431 2018 552 2080 Eleg.
576 2030 724 2075 XVIII,
750 2036 860 2064 vers.
893 2034 948 2081 19
970 2028 1013 2063 et
1031 2032 1108 2063 20.
1130 2015 1245 2062 Hinc
1262 2015 1367 2063 item
1390 2028 1584 2075 constat,
1606 2030 1650 2066 et

232 2094 469 2160 Epistolas,
498 2115 574 2143 seu
598 2093 799 2142 fflmides
814 2132 826 2148 ‚
848 2093 906 2146 ,de
932 2093 1093 2158 quibus
1117 2092 1280 2140 ibidem
1307 2092 1495 2143 diximus
1513 2128 1525 2151 ,
1549 2106 1650 2142 ante

233 2171 325 2219 haee
358 2184 554 2239 tempora
573 2173 658 2237 jam
682 2170 820 2218 lucem
840 2169 1021 2228 vidisse,
1048 2189 1182 2236 quum
1203 2170 1359 2240 'eodem
1380 2172 1476 2219 Art.
1503 2174 1644 2220 Amat.

234 2248 313 2297 lib.
341 2252 412 2307 ΙΙ,
443 2269 553 2300 vers.
581 2248 673 2311 345
694 2261 735 2296 et
762 2247 879 2308 346,
903 2248 988 2294 hoc
1015 2247 1152 2313 opus,
1186 2265 1264 2294 ceu
1286 2246 1372 2311 jam
1394 2248 1645 2311 vulgatum,

236 2339 513 2375 memoretur.

280 2464 289 2482 ¹
317 2459 486 2495 Nondum
501 2459 594 2493 enim
622 2465 705 2492 tunc
722 2456 915 2503 profectum
929 2483 938 2500 ,
965 2463 999 2491 at
1020 2457 1056 2490 in
1082 2455 1261 2501 procinctu
1283 2454 1408 2498 fuisse,
1431 2454 1531 2490 docet
1553 2455 1651 2490 Ovi-

235 2514 328 2557 dius,
347 2526 419 2547 non
435 2513 542 2547 modo
558 2511 729 2547 versiculis
744 2511 900 2556 superius
922 2510 1082 2555 prolatis,
1108 2510 1168 2544 sed
1189 2517 1224 2544 et
1245 2522 1331 2544 vers.
1350 2511 1414 2544 203
1430 2522 1438 2544 :
1453 2523 1470 2540 α
1487 2510 1650 2554 Marsque

237 2576 351 2613 pater,
370 2567 554 2611 Caesarque
570 2574 685 2611 pater,
702 2566 780 2601 date
796 2579 927 2600 numen
947 2576 1074 2600 ΕυΝῊ.
1091 2580 1108 2595 ν

279 2630 295 2648 ²
318 2628 399 2661 Jani
427 2628 544 2670 templ.
571 2628 691 2661 Reser.
713 2640 787 2671 pag.
811 2627 874 2669 334
902 2639 964 2671 sqq
982 2639 990 2660 :
1012 2625 1088 2659 vide
1106 2632 1217 2659 totum
1231 2623 1314 2658 illud
1340 2636 1412 2669 cap.
1425 2635 1465 2657 VI
1482 2649 1491 2667 ,
1508 2631 1588 2659 sect.
1606 2625 1647 2667 4,

238 2696 307 2727 quo
325 2691 460 2726 tempus
478 2682 703 2726 expeditionis
721 2695 739 2716 a
757 2681 843 2718 Caio
862 2688 1027 2726 suscepta:
1045 2679 1364 2724 pluribusdesmire
1386 2679 1541 2714 nitimur.
1557 2679 1647 2725 Lege

166 2750 171 2753 ”
237 2747 272 2775 et
290 2753 363 2784 cap.
380 2751 402 2774 v
417 2766 426 2781 ‚
456 2752 530 2785 pag.
548 2740 710 2789 290-301.
