1794 3100
423 256 514 302 DE
546 256 598 298 P.
634 252 906 298 OVIDIO
937 248 1249 294 NASONE.
1464 246 1553 302 425

97 359 101 363 ”
123 353 334 414 pretatione
355 353 423 391 Jac
446 348 606 405 Micylli.
630 347 764 400 Elegia
791 346 837 385 de
856 344 993 393 Nuce,
1028 358 1116 384 cum
1145 340 1344 382 Dominici
1371 341 1487 380 Marii
1517 350 1556 382 et

122 425 214 466 Des.
238 420 388 461 Erasmi
406 425 613 459 comment.
631 416 690 456 De
709 413 965 454 Medic-amine
978 411 1103 460 faciei
1121 410 1278 461 Elegia,
1303 423 1391 449 cum
1411 408 1557 448 Domi-

120 487 332 531 niciMarii
350 494 390 528 et
411 484 557 541 Micyui
578 490 708 524 annot.
738 481 981 522 Halieuiz'con
1004 477 1268 533 stag-mentum.
1296 474 1363 515 Ad
1381 475 1558 515 Pisonem

125 569 299 596 carmen.
314 554 374 594 De
396 553 528 593 Pulice
545 550 678 605 Elegia
695 577 709 599 ‚-
732 547 871 589 incerti
887 544 1066 586 auctoris.
1102 544 1169 584 De
1188 542 1411 583 Philomela.
1429 543 1557 595 Frag—

123 627 249 662 menta
269 635 318 660 ex
339 619 632 673 epigrammatis.
667 614 784 656 Conf.
807 629 894 654 ann.
918 610 1034 660 1543.

178 691 378 732 Enarratio
395 689 581 737 librorum
604 686 737 728 Ovidii
761 686 807 726 de
839 682 1032 725 Tristibus
1046 712 1059 732 .,
1083 690 1122 722 et
1143 680 1374 735 paraphrasis
1400 680 1557 720 duarum

124 757 393 800 ovidiana-um
407 785 419 805 ‚
440 754 568 810 Ajacis
591 761 630 794 et
643 752 794 808 Ulyssis
812 781 824 802 ‚
852 751 1071 792 orationum
1090 778 1102 798 ‚
1129 764 1149 788 a
1171 748 1265 788 vito
1299 746 1555 787 Amerbachio

123 823 366 878 conscripta,
408 833 590 873 nuncque
612 817 777 873 primum
807 817 849 856 in
872 817 997 856 lucem
1029 813 1141 856 edita.
1175 813 1341 854 Basileoe
1358 842 1372 861 ‚
1406 826 1476 866 per
1493 812 1556 852 Jo.
1607 816 1611 822 ⁴

130 891 348 945 oporinum.
371 885 486 928 in-8⁰.
500 909 553 917 —
568 886 692 926 Maitt.
709 893 804 926 tom.
824 885 889 923 ΙΙΙ
908 913 920 933 ,
941 897 1026 938 pag.
1051 879 1143 922 581.

780 993 796 1017 1
805 977 896 1018 550.

178 1070 387 1112 Amatoria.
419 1069 623 1121 Lugduni,
653 1067 758 1122 apud
771 1067 855 1106 Seb.
887 1066 1111 1120 Gryphium.
1127 1061 1260 1103 ἰπὶ-16.
1282 1085 1335 1093 -
1358 1060 1440 1101 Cat.
1458 1061 1502 1100 de
1521 1061 1561 1099 la

124 1140 226 1179 Bibl.
242 1139 292 1179 du
311 1139 398 1178 Roi.
416 1137 568 1177 Poetes.
592 1150 631 1174 n.
660 1132 776 1174 1136.

179 1210 207 1236 ’κ
235 1209 475 1262 Μίογῖίίαηω
495 1208 572 1247 vol.
595 1206 685 1245 III.
710 1207 912 1245 Fastorum
947 1203 1034 1244 libri
1055 1205 1118 1244 VI
1135 1233 1147 1253 ‚
1178 1201 1366 1242 Tristium
1395 1199 1483 1239 libri
1500 1200 1558 1248 V,

125 1276 172 1316 de
192 1277 322 1316 Ponto
351 1274 439 1314 libri
460 1275 539 1322 IV,
564 1273 605 1312 in
635 1271 720 1312 Ibin
734 1301 746 1321 ‚
770 1287 858 1311 cum
880 1270 1160 1312 commentariis
1185 1267 1341 1309 doctiss.
1362 1267 1533 1309 virorum
1546 1295 1558 1315 ‚
1579 1313 1582 1315 ι

126 1341 222 1381 Ant.
247 1341 466 1382 Constantii
486 1340 666 1381 Fanensis
686 1368 697 1389 ‚
726 1338 835 1378 Pauli
858 1338 1002 1387 Marsi,
1021 1337 1153 1378 Barth.
1176 1336 1336 1377 Merulae
1359 1363 1370 1383 ‚
1398 1331 1565 1372 Domitii

127 1405 343 1458 Calda-ini,
368 1409 516 1449 Zarotti
534 1423 543 1447 :
561 1407 686 1447 multo
707 1420 820 1460 quam
843 1405 1025 1446 hactenus
1049 1419 1209 1459 usquam
1234 1412 1274 1444 et
1294 1401 1504 1457 elegantius
1525 1408 1564 1439 et

125 1475 357 1516 emendatius
380 1475 539 1515 excusis.
560 1473 634 1513 His
649 1479 888 1513 accesserunt
911 1471 1166 1512 enarrationes
1187 1470 1269 1509 Viti
1285 1467 1529 1508 Amerbachii
1548 1496 1560 1517 ‚

89 1566 93 1569 ⁴
125 1545 204 1583 Jac.
225 1541 373 1598 Micylli
386 1549 425 1581 et
435 1541 538 1581 Phil.
554 1540 863 1580 Melanchthonis
877 1538 1144 1579 annotationes
1164 1539 1283 1592 longe
1304 1535 1561 1578 doctissimae:

126 1607 262 1661 quibus
279 1608 360 1647 loca
377 1607 437 1648 vel
452 1607 648 1661 depravata
660 1636 672 1655 ‚
687 1606 747 1647 vel
764 1605 985 1646 obscuriora
1000 1634 1012 1654 ‚
1032 1617 1241 1659 parumque
1257 1611 1360 1644 recte
1380 1603 1561 1643 hactenus

124 1672 170 1713 ab
187 1672 267 1713 aliis
291 1672 482 1713 intellecta
494 1701 506 1721 .,
523 1671 574 1711 ita
594 1671 839 1711 emendantur
855 1679 895 1712 et
914 1671 1147 1725 explicantur
1165 1699 1177 1719 2
1208 1678 1253 1709 ut
1271 1668 1333 1709 vix
1355 1667 1559 1722 quicquam

125 1739 336 1780 desiderare
356 1739 515 1791 amplius
540 1739 680 1779 horum
701 1738 888 1779 librorum
911 1737 1072 1778 studiosi
1095 1737 1258 1791 possint.
1275 1736 1441 1775 Basileoe
1457 1764 1469 1782 ,
1492 1749 1563 1788 per

125 1807 185 1846 Jo.
212 1807 457 1858 Heroagium.
482 1806 619 1846 in-sol.
635 1828 689 1837 —
711 1805 828 1846 Conf.
851 1819 939 1844 ann.
963 1802 1066 1852 1543
1087 1812 1126 1843 et
1151 1801 1266 1858 1549.

180 1877 309 1927 Fasti,
333 1877 476 1918 Tristia
488 1886 526 1918 et
546 1878 592 1917 de
603 1878 746 1918 Ponto.
764 1877 961 1928 Lugduni,
984 1876 1088 1930 apud
1098 1875 1183 1915 Seb.
1199 1874 1424 1928 Gryphium.
1436 1871 1560 1912 in-16.

739 2008 741 2010 .
792 1972 908 2013 1551.

183 2062 512 2116 Metamorphoses
531 2091 543 2111 ‚
564 2077 652 2102 cum
667 2062 769 2103 notis
792 2062 968 2102 Glareani
983 2069 1022 2101 et
1035 2059 1230 2117 Longolii.
1250 2060 1438 2107 Basileoe,
1461 2060 1566 2113 apud

131 2129 253 2168 Henr.
273 2128 392 2170 Petri.
406 2127 519 2168 in-80.
543 2152 597 2160 —
611 2129 760 2170 Harles.
782 2129 918 2183 suppl.
943 2129 989 2170 P.
1007 2130 1050 2177 I,
1071 2143 1154 2184 pag.
1176 2126 1269 2176 468.
1300 2147 1305 2154 ·

791 2221 904 2262 1552.

183 2317 400 2358 Heroidum
421 2318 609 2371 Epistulae
628 2346 640 2366 ‚
664 2326 703 2358 et
732 2317 782 2357 A.
809 2317 939 2358 Sabini
970 2319 1259 2372 Responsiones
1277 2347 1289 2368 ‚
1323 2332 1412 2357 cum
1444 2317 1564 2357 Guid.

128 2386 327 2426 Morilloni
350 2386 581 2441 argumentis
602 2401 643 2426 ac
666 2386 819 2426 scholiis
836 2416 848 2436 ‚
869 2395 908 2426 ct
930 2389 995 2427 Jo.
1015 2387 1126 2441 Bapt.
1149 2387 1302 2442 Egnatii
1325 2386 1562 2427 observatio-

127 2451 240 2490 nibus
259 2466 270 2498 ;
294 2451 385 2491 item
409 2451 526 2492 Ovid.
547 2451 587 2490 in
611 2450 711 2490 Ibin.
733 2451 879 2491 Picum.
903 2467 952 2491 ew
973 2450 1073 2503 ffc.
1093 2452 1366 2491 Bouchetorum
1379 2450 1563 2502 fratrum.

127 2514 250 2555 in-80.
275 2538 329 2545 —
346 2516 472 2556 Maitt.
494 2525 588 2557 tom.
610 2518 675 2555 III
694 2545 706 2565 .,
728 2532 812 2572 pag.
830 2514 923 2556 616.

786 2610 903 2650 1553.

184 2706 530 2756 Metamorphoses,
550 2720 637 2746 cum
654 2713 858 2746 comment.
876 2706 999 2759 Raph.
1012 2706 1124 2762 Regii
1146 2736 1156 2755 ‚
1170 2706 1316 2762 Micylli
1333 2714 1372 2746 et
1388 2706 1562 2746 aliorum.

135 2772 297 2813 Venetiis
308 2803 321 2823 ‚
348 2774 452 2827 apud
470 2774 624 2813 Hieron.
647 2774 810 2813 Scotum.
832 2772 967 2814 in-fol.
993 2796 1046 2804 —
1067 2774 1292 2815 Maitt.1nd.
1315 2788 1399 2830 pag.
1426 2788 1513 2813 111.
