1794 3100
247 253 335 308 204
689 254 740 296 P.
777 252 1013 298 ovmu
1044 254 1217 298 VITA

242 346 510 412 adpulisset,
544 365 591 394 ac
614 347 700 394 hoc
725 346 769 393 in
789 359 922 413 portu
953 347 1093 395 navim
1111 385 1122 405 ‚
1161 366 1246 414 qua
1276 347 1363 395 huc
1395 358 1663 396 transvectus

239 426 405 482 fuerat,
435 425 705 491 reliquisset;
733 425 937 473 Isthmum
962 426 1291 474 Corinthiacum
1312 425 1501 492 pedibus
1523 437 1664 474 trans-

246 501 352 558 ivit,
387 513 519 566 atque
547 499 762 548 Cenchreis
780 500 907 548 aliam
932 501 1144 550 desumsit
1166 502 1365 550 carinam.
1404 502 1506 550 Haec
1530 501 1663 550 doce-

243 599 342 626 mur
363 599 415 627 ex
439 579 574 627 Trist.
600 578 676 626 lib.
706 581 748 637 I,
775 579 896 643 Eleg.
924 592 1002 638 IX,
1028 579 1183 628 collata
1203 600 1301 629 cum
1326 580 1445 643 Eleg.
1472 594 1515 629 Χ.
1535 578 1661 627 Illam

245 658 359 706 enim
385 657 447 705 sic
471 657 673 706 orditur:

467 754 530 789 Est
547 754 651 797 mihi,
670 755 780 799 sitque
792 781 800 797 ‚
818 767 959 798 precor,
977 754 1074 789 flavae
1090 756 1196 791 tutela
1217 757 1395 799 Minervae>

509 817 640 857 Navis,-
656 822 692 849 et
709 828 726 849 a
745 815 833 860 picta
851 814 978 850 casside
994 828 1125 851 nomen
1145 816 1248 851 habet
1261 843 1270 859 ‚
1288 824 1351 851 etc.

248 893 358 940 Mox
379 912 490 941 vers.
518 912 568 958 9,
593 892 744 940 addit:

463 991 526 1026 Illa
545 993 768 1026 Corintbmm's
785 991 938 1036 primum
957 991 1042 1025 mihi
1060 992 1196 1037 cognita
1216 994 1374 1026 Cenchris
1389 994 1399 1013 ¹
1415 1019 1424 1036 ‚

511 1052 596 1086 Fida
615 1059 734 1087 manet
750 1051 894 1097 trepidae
912 1051 1049 1097 duxque
1065 1065 1250 1098 comesque
1265 1052 1356 1098 fugae
1369 1079 1378 1096 ,
1399 1060 1464 1089 etc.

242 1123 393 1191 Elegia
409 1149 511 1177 vero
532 1145 562 1178 X
582 1130 634 1176 de
657 1142 852 1196 tempore
869 1149 1074 1187 monens,
1100 1150 1188 1196 quo
1204 1130 1326 1178 hicce
1343 1130 1554 1180 Tristium
1573 1133 1665 1198 pri-

245 1225 343 1254 mus
361 1205 473 1254 liber
491 1219 690 1255 exaratus
715 1207 796 1263 sit,
818 1207 879 1254 ait
898 1207 989 1271 ejus
1014 1207 1235 1273 Epistolas
1252 1213 1345 1257 esse
1368 1209 1659 1276 conscriptas,

245 1294 321 1330 aut
344 1283 390 1331 in
416 1283 569 1331 mediis
592 1283 804 1332 Adriatici
824 1290 839 1307 ²
867 1283 998 1331 maris
1021 1283 1170 1349 aquis,

461 1371 535 1415 Aut
550 1389 731 1426 postquam
751 1384 907 1415 bimarem
923 1394 1020 1416 cursu
1035 1383 1270 1426 superavifnus
1285 1384 1452 1425 Isthmon,

508 1442 695 1487 Alteraque
711 1450 762 1476 est
780 1450 905 1477 nostrae
920 1448 1051 1487 sumpta
1067 1446 1184 1477 carina
1197 1443 1295 1490 sugae.

312 1494 317 1508 ,

246 1519 357 1582 Quae
379 1531 429 1566 ut
452 1519 590 1582 magis
611 1519 885 1568 illustrentur
899 1558 910 1578 ‚
945 1540 1081 1586 pauca
1111 1521 1183 1568 hic
1205 1521 1438 1571 adnotasse
1467 1541 1557 1570 non
1579 1523 1663 1571 erit

244 1595 412 1643 inutile.
439 1596 615 1644 Scilicet
646 1617 782 1663 quum
810 1597 1029 1645 Corinthus
1066 1610 1179 1646 esset
1205 1598 1342 1663 posita
1370 1599 1410 1646 in
1434 1601 1624 1665 angustiis
1643 1639 1656 1657 ,

245 1683 362 1739 atque
383 1674 625 1740 infaucibus
647 1675 844 1731 Groecioe,
869 1675 944 1731 sic,
970 1685 1015 1722 ut
1040 1685 1146 1722 terra
1169 1675 1345 1723 claustra
1362 1674 1376 1700 ³
1403 1676 1578 1725 locorum
1600 1687 1665 1724 te-

246 1761 375 1806 neret,
407 1761 448 1798 et
469 1750 549 1798 duo
579 1748 595 1780 4
622 1752 751 1799 maria
781 1751 907 1814 (scil.
946 1751 1049 1799 hinc
1078 1752 1268 1808 Ionium,
1304 1753 1405 1800 inde
1432 1753 1666 1818 AEgeum)

245 1827 421 1876 maxime
436 1829 684 1894 navigatione
709 1827 724 1853 ⁵
749 1829 903 1877 diversa
912 1847 1034 1894 poene
1051 1831 1303 1895 conjungeret
1314 1869 1325 1885 ,
1349 1849 1469 1895 quum
1479 1830 1668 1895 pertenui

291 1957 301 1975 ¹
328 1955 422 1989 Male
441 1954 612 1990 Ciofanus
631 1956 720 1991 hanc
735 1956 922 1990 lectionem
940 1955 1121 1999 sollicitat,
1151 1969 1189 1990 ac
1216 1956 1312 1990 istius
1335 1956 1426 1990 vocis
1450 1956 1526 1992 loco
1552 1969 1664 2002 repo-

246 2011 405 2045 nendum
432 2015 527 2045 terris
555 2011 758 2055 contendit,
784 2011 878 2057 quasi
904 2013 996 2047 Naso
1013 2025 1086 2046 non
1107 2012 1283 2051 cenchris,
1311 2012 1371 2046 sed
1388 2012 1500 2046 asinu
1526 2011 1663 2047 Corin-

248 2066 362 2101 thiaco
378 2058 557 2101 discedens
572 2094 581 2111 ‚
600 2075 726 2112 praeter
741 2068 1024 2112 Peloponnesum
1036 2068 1236 2113 navigasset.
1249 2068 1370 2113 Quam
1386 2068 1589 2113 opinionem
1605 2081 1663 2103 re-

248 2123 393 2157 vincunt
409 2136 486 2168 quae
502 2123 664 2168 deinceps
681 2130 854 2157 notamus.

288 2186 304 2204 ²
328 2184 413 2229 Quo
438 2184 581 2218 nomine
609 2183 769 2229 intelligit
796 2185 893 2218 Mare
916 2185 1087 2229 Superum,
1114 2185 1252 2230 proprie
1281 2185 1492 2220 Adriaticum
1525 2197 1662 2230 quoque

250 2240 382 2275 dictum
397 2267 406 2284 ‚
424 2240 475 2274 uti
497 2246 532 2274 et
554 2242 684 2274 Ionium
699 2267 707 2281 ,
729 2240 842 2274 Strab.
867 2241 925 2275 lib.
949 2241 1062 2284 VIII,
1080 2253 1155 2285 pag.
1180 2242 1253 2283 488.
1286 2239 1380 2275 Licet
1412 2240 1454 2274 ad
1485 2242 1665 2275 Ceraunios

249 2305 387 2332 montes
405 2296 578 2332 desineret
593 2310 690 2331 mare
710 2299 919 2332 Adriaticum
936 2324 945 2339 ‚
969 2311 1007 2332 ac
1024 2298 1190 2343 inciperet
1205 2297 1286 2332 inde
1309 2299 1456 2339 Ionium,
1475 2304 1513 2332 ut
1538 2298 1665 2332 Noster

248 2354 353 2389 etiam
372 2362 490 2397 vocat,
509 2354 613 2389 Trist.
631 2354 687 2389 lib.
706 2355 742 2399 Ι,
762 2354 858 2400 Eleg.
874 2366 921 2389 111
938 2368 946 2390 :
961 2355 1031 2389 vid.
1047 2369 1121 2401 pag.
1140 2355 1285 2401 praeced.

292 2413 306 2434 3
330 2414 465 2449 Velleio
491 2427 627 2460 quoque
643 2415 700 2449 lib.
717 2415 751 2458 I,
768 2428 839 2460 cap.
855 2415 875 2448 3
888 2441 898 2458 ‚
919 2414 1111 2450 Corinthus
1131 2415 1256 2451 dicitur
1274 2416 1430 2449 Claustra
1447 2416 1671 2460 Peloponnesi

248 2474 430 2505 continens.
632 2462 634 2464 Ι

291 2530 305 2553 ⁶
330 2530 425 2564 Hinc
445 2530 636 2565 Corinthus
653 2531 801 2576 antiquis
817 2531 905 2566 dicta
925 2534 1078 2573 bimaris,
1111 2531 1162 2566 uti
1185 2531 1355 2574 Horatio,
1372 2530 1459 2565 lib.1
1474 2558 1482 2574 ,
1499 2530 1568 2566 Od.
1585 2541 1662 2574 vn,

248 2598 286 2620 ac
302 2584 451 2627 ovidio,
476 2586 566 2620 Fast.
584 2586 640 2620 lib.
664 2586 729 2630 IV,
747 2600 832 2620 vers.
857 2590 929 2621 501.
957 2586 1055 2631 Quin
1073 2593 1107 2620 et
1131 2587 1277 2620 Isthmus
1291 2586 1361 2630 ipse
1378 2589 1515 2621 bimaris
1537 2586 1665 2620 Nostro

248 2647 409 2682 vocatur,
436 2653 508 2674 non
534 2640 647 2675 solum
672 2654 712 2676 ea
745 2641 840 2687 Eleg.
874 2654 895 2676 x
911 2669 920 2686 ,
939 2641 995 2676 lib.
1013 2642 1030 2676 I
1046 2667 1055 2685 ,
1075 2641 1134 2675 sed
1165 2647 1199 2675 et
1224 2641 1370 2675 Metam.
1395 2640 1451 2676 lib.
1477 2640 1551 2683 VI,
1577 2653 1666 2676 νει-ε.

247 2698 329 2742 419,
348 2698 430 2739 420,
451 2702 513 2729 etc.

291 2757 304 2778 ⁵
327 2757 404 2800 Sic,
425 2770 495 2791 non
513 2770 595 2791 vero
611 2762 835 2802 navigationi,-
856 2757 1044 2803 legendum
1068 2771 1212 2801 censeo;
1244 2771 1350 2803 quum
1368 2757 1548 2793 Ciceronis
1563 2769 1669 2791 mens
