1794 3100
262 245 316 289 32
602 246 687 295 KP.
725 246 961 291 OVIDII
997 247 1307 294 NASONIS

325 338 504 404 Quique
526 338 663 387 homo
679 351 803 406 parte
825 341 918 398 sui,
944 353 1068 408 parte
1089 342 1300 407 juvencus
1325 355 1438 402 erat;

1623 359 1690 404 4¹⁰

262 416 444 482 Quique
468 417 613 465 trabes
631 436 805 484 pressas
829 418 885 467 ab
909 419 1046 467 humo
1068 419 1273 469 mittebat
1294 421 1337 468 in
1362 440 1516 482 auras,

316 494 539 561 ‘AEquoris
559 495 806 562 adspiciens
827 496 962 562 hujus
985 509 1027 545 et
1047 498 1180 563 hujus
1203 517 1363 565 aquas;

265 570 465 635 Quaeque
493 571 626 619 Ceres
647 571 759 619 vidit
779 571 881 620 laeto
906 573 1135 638 pereuntia
1158 573 1283 623 vultu

332 646 531 712 Corpora
554 647 724 695 Thesea
747 648 996 714 Cercyonea
1018 668 1164 698 manu.

266 723 371 771 Haec
395 722 503 779 tibi,
531 742 658 788 quem
682 723 848 773 meritis
871 725 1078 791 precibus
1102 745 1195 775 mea
1221 726 1406 776 devovet
1426 727 1489 775 ira
1504 765 1516 785 ‚
1550 735 1561 743 ”

1625 740 1691 787 41⁵
1737 691 1742 700 ¹

329 798 568 852 Eveniant,
595 810 670 846 aut
692 799 762 847 his
781 819 876 848 non
902 800 1065 849 leviora
1086 801 1239 850 malis:

268 876 426 941 Qualis
451 877 782 926 Achaemenides
808 879 955 927 Sicula
974 880 1172 928 desertus
1195 881 1243 928 in
1268 882 1403 929 AEtna
1418 918 1430 940 ‚

330 955 489 1002 Troica
515 974 651 1020 quum
674 955 784 1003 vidit
806 956 900 1005 vela
925 959 1074 1006 venire
1092 995 1103 1014 ‚
1127 958 1239 1005 fuit:

270 1030 427 1094 Qualis
451 1043 542 1079 erat
566 1049 645 1079 nec
666 1050 760 1079 non
783 1031 961 1081 fortuna
982 1035 1227 1082 binominis
1252 1034 1340 1093 Iri,

337 1108 518 1174 Quique
541 1120 692 1157 tenent
717 1121 926 1175 pontem,
953 1130 1050 1177 quae
1073 1110 1155 1159 tibi
1176 1110 1299 1184 pejor
1324 1110 1417 1158 erit.

270 1242 327 1270 tur
343 1248 351 1269 :
370 1235 395 1269 si
415 1247 497 1270 vero
513 1235 691 1274 breviores
703 1262 712 1280 ,
734 1235 880 1282 pedibus
900 1236 956 1271 di-

270 1287 534 1325 stendebantur.
553 1289 645 1321 ΖΕΗ.
947 1318 949 1320 ,

316 1340 391 1382 4ιο.
413 1341 538 1383 Quique
555 1341 659 1372 homo.
678 1338 733 1373 De
746 1338 953 1373 Minotauro

271 1390 453 1436 intelligit,
472 1403 577 1435 quem
593 1390 750 1425 Theseus
766 1391 953 1426 interfecit.

318 1445 393 1487 411.
414 1446 539 1488 Quique
553 1445 665 1477 trabes
673 1456 812 1487 pressas
823 1450 887 1478 etc.
901 1443 956 1478 Pi-

275 1502 500 1542 tyocampten
516 1494 677 1541 intelligit
693 1502 796 1539 poeta
807 1521 816 1538 ,
839 1495 899 1540 qui
913 1495 954 1529 ab

273 1559 316 1581 eo
334 1559 467 1580 nomen
486 1545 629 1589 habuit,
657 1545 751 1591 quod
768 1546 919 1591 hospites
936 1558 955 1580 a

273 1612 310 1634 se
330 1600 521 1643 certamine
538 1599 646 1634 victos
663 1625 672 1643 ‚
700 1599 842 1633 diversis
864 1599 958 1644 pini-

275 1652 339 1686 bus
362 1652 397 1685 in
430 1659 561 1686 terram
587 1651 737 1686 curvatis
763 1651 955 1697 adligabat,

277 1712 380 1749 atque
397 1705 446 1739 ita
460 1704 582 1750 ligatos
594 1730 603 1748 ,
631 1704 754 1739 iisdem
777 1704 956 1739 arboribus

275 1769 414 1791 sursum
437 1756 568 1791 iterum
593 1769 632 1790 ac
653 1757 783 1801 pariter
803 1755 955 1798 emissis,

275 1809 457 1844 lacerabat.
475 1809 546 1843 Hic
562 1808 685 1843 Isthmi
708 1808 881 1853 angustias
893 1808 959 1843 ob·-

277 1861 428 1904 siciebat,
452 1873 558 1906 quare
582 1860 638 1894 hic
654 1873 672 1894 a
688 1868 791 1905 poeta
809 1860 956 1903 dicitur,

278 1913 383 1958 hujus
407 1920 443 1947 et
463 1912 554 1946 illius
573 1913 721 1957 aequoris
744 1924 848 1957 aquas
862 1938 871 1956 ‚
891 1911 959 1947 hoc

278 1973 350 2009 est,
379 1965 521 1999 lonium
543 1971 578 1999 et
594 1964 749 2010 AEgeum
769 1977 866 1998 mare
888 1964 958 1998 ad-

277 2018 436 2063 spexisse.
446 2017 626 2052 Caeterum
638 2016 893 2052 eundemhunc
903 2017 959 2051 alii

278 2068 413 2104 faciunt
432 2081 514 2104 cum
535 2081 577 2102 eo
599 2081 705 2113 quem
724 2068 839 2102 Sinim
855 2080 960 2113 supra

280 2122 393 2156 vocari
410 2120 568 2155 diximus.
590 2119 739 2155 Ovidius
754 2126 891 2163 autern,
910 2119 960 2153 di-

281 2186 398 2208 versos
410 2199 419 2217 ,
446 2172 547 2207 Sinin
565 2179 600 2206 et
615 2171 708 2206 hunc
722 2197 731 2215 ,
756 2171 798 2205 de
817 2183 886 2216 quo
903 2170 960 2204 hic

282 2225 429 2268 dicitur,
448 2223 717 2271 Pityocampten
734 2222 848 2257 facere
862 2221 962 2256 vide-

283 2284 341 2311 tur
354 2290 361 2311 :
381 2289 490 2321 quum
502 2288 605 2320 supra
617 2275 718 2309 Sinin
731 2301 740 2318 ,
759 2287 823 2308 suo
837 2287 874 2309 ac
885 2286 960 2319 pro-

282 2329 359 2374 prio
379 2329 523 2363 nomine
537 2355 546 2372 ,
566 2328 621 2362 hic
641 2335 757 2362 autem
772 2354 781 2371 ‚
800 2340 880 2362 eum
901 2327 961 2372 qui

282 2382 423 2415 arbores
436 2382 472 2415 in
485 2388 615 2416 terram
629 2387 802 2423 curvatas,
820 2392 961 2414 rursum

285 2435 320 2468 in
341 2447 439 2469 auras
458 2434 593 2478 emisit,
615 2434 798 2479 subpresso
816 2432 960 2467 nomine

284 2486 448 2531 posuerit.

329 2541 350 2583 4
356 2554 367 2573 ι
375 2554 403 2574 2.
413 2542 566 2585 AEquoris
577 2543 778 2584 adspiciens.
790 2540 895 2574 Forte
905 2540 963 2572 ad·

284 2604 452 2636 spergens,
468 2592 586 2626 laceris
601 2605 728 2638 nempe
740 2591 941 2637 corporibus
952 2617 961 2634 ,

285 2644 339 2677 vel
355 2644 544 2688 infestans,·
571 2656 654 2678 nam
674 2643 711 2677 in
731 2643 850 2678 multis
867 2650 965 2678 vete-

287 2709 367 2731 rum
393 2703 444 2730 est
469 2698 670 2739 adspectans
689 2722 698 2739 ,
727 2699 903 2741 adspectes
929 2701 964 2731 et

284 2755 493 2792 exspectans.
510 2748 642 2783 Hems.

1629 1123 1697 1170 420

1064 1239 1139 1282 413.
1161 1240 1303 1282 Qua-que
1320 1239 1417 1272 Ceres
1433 1239 1534 1272 vidit„
1545 1236 1698 1286 Cercyo-

1018 1302 1102 1324 nem
1122 1289 1296 1324 Arcadem
1312 1288 1348 1322 in
1364 1288 1522 1334 palaestra
1539 1288 1696 1324 Theseus

1017 1342 1112 1386 juxta
1129 1340 1343 1375 Eleusiniam
1363 1339 1533 1375 Cererem
1551 1353 1697 1386 supera-

1017 1394 1083 1436 vit,
1097 1400 1136 1427 ut
1147 1391 1352 1427 Plutarchus
1362 1390 1498 1435 scribit,
1512 1399 1547 1427 et
1558 1393 1600 1427 ab
1613 1391 1697 1427 Ovi-

1019 1445 1078 1480 dio
1092 1446 1129 1480 in
1147 1446 1233 1480 Met.
1250 1444 1308 1479 lib.
1324 1445 1398 1479 VII
1413 1470 1422 1488 ,
1442 1445 1507 1492 439
1521 1445 1697 1492 tangitur:

1021 1511 1039 1527 «
1055 1496 1247 1544 Cercyonis
1272 1496 1407 1531 lethum
1432 1496 1518 1530 vidit
1544 1494 1698 1532 Cerealis

1021 1548 1165 1584 Eleusis.
1186 1563 1202 1578 »
1233 1550 1373 1593 Quaque
1392 1549 1490 1582 Ceres
1513 1551 1602 1584 vidit
1621 1551 1698 1583 lato

1014 1604 1190 1646 pereunlia
1206 1603 1307 1635 vultu.
1331 1601 1481 1646 Propter
1499 1601 1630 1636 sublata
1644 1601 1698 1636 ln—

1021 1654 1168 1689 trocinia
1194 1653 1320 1688 scilicet
1332 1678 1342 1696 ‚
1371 1653 1494 1698 quibus
1521 1652 1577 1688 ille
1605 1654 1699 1689 viam

1023 1713 1125 1751 atque
1138 1705 1271 1741 aditum
1282 1704 1323 1739 ad
1333 1704 1548 1747 Eleusinem,
1560 1705 1618 1740 ubi
1634 1704 1699 1740 Ce-

1022 1771 1078 1793 res
1094 1759 1264 1804 praecipue
1287 1756 1465 1791 colebatur
1479 1782 1489 1800 ,
1510 1755 1701 1791 infestat-at.

1067 1810 1141 1852 415.
1161 1810 1263 1851 Quem
1272 1809 1428 1852 precibus
1433 1807 1553 1852 justis.
1569 1808 1701 1842 Aleria&

1017 1863 1173 1906 precibus
1189 1859 1344 1906 plerique
1361 1859 1488 1904 scripti.
1504 1859 1638 1894 Hssms.

1068 1913 1143 1956 416.
1175 1914 1347 1947 Evenient.
1377 1911 1468 1956 Lege
1489 1936 1499 1954 ,
1526 1911 1703 1947 Eveniant.

1027 1965 1186 2000 Cons'r.
1218 1965 1320 1999 FAN.
1348 1966 1396 2000 Et
1421 1966 1558 1998 venian!
1575 1989 1584 2006 ,
1608 1975 1700 1997 unus

1026 2018 1185 2061 Heinsii,·
1202 2019 1251 2051 Et
1263 2021 1412 2057 venient,
1438 2016 1522 2051 alius
1539 2015 1701 2051 Gallicus.

1067 2073 1143 2117 419.
1167 2071 1287 2113 Qualis
1307 2076 1389 2103 emt.
1413 2069 1491 2103 Irus
1514 2066 1704 2102 Ithacensis

999 2145 1003 2149 «
1026 2122 1206 2156 mendicus
1225 2147 1234 2164 ,
1260 2121 1403 2155 celebris
1432 2120 1586 2154 carmine
1615 2119 1701 2154 Ho—

1025 2174 1124 2208 meri.
1143 2173 1211 2208 Hic
1228 2173 1265 2206 in
1285 2171 1515 2211 mendicitatis
1537 2171 1701 2216 objurga—

1026 2227 1158 2261 tionem
1177 2238 1315 2270 semper
1331 2224 1702 2269 objicitur.-Binomi-

1026 2282 1080 2313 nis
1096 2278 1222 2312 dicitur
1234 2303 1244 2319 ,
1269 2275 1435 2321 quoniam
1456 2274 1602 2309 Arneus
1617 2272 1702 2307 olim

1028 2338 1079 2366 est
1099 2330 1288 2375 adpellatus
1306 2342 1325 2363 a
1342 2334 1452 2362 matre
1474 2339 1482 2361 :
1506 2325 1566 2360 sed
1590 2325 1702 2360 dictus

1028 2385 1105 2419 Irus
1124 2384 1166 2418 ab
1185 2382 1257 2418 aliis
1270 2408 1280 2426 ,
1304 2395 1324 2416 a
1340 2378 1545 2425 loquacitate
1561 2377 1702 2412 mendi-

1028 2435 1143 2471 candi.

1072 2489 1146 2531 420.
1162 2487 1287 2530 Quique
1298 2489 1409 2519 tenent
1411 2488 1561 2526 pontem,
1579 2483 1706 2526 quitibi

1029 2540 1139 2583 major
1151 2540 1222 2572 erit.
1243 2538 1368 2570 Tenent
1386 2535 1501 2579 scripti
1522 2545 1648 2578 magna
1662 2545 1704 2567 ex

1029 2597 1127 2636 parte
1145 2603 1153 2631 ;
1172 2595 1206 2622 et
1221 2591 1313 2621 recte
1326 2612 1335 2629 ,
1354 2598 1435 2619 nam
1452 2584 1630 2620 mendicos
1644 2583 1702 2617 in·-

1031 2641 1172 2686 telligit;
1191 2638 1297 2673 iidem
1320 2637 1396 2672 cod.
1419 2651 1489 2682 quoe
1508 2639 1571 2671 tibi
1585 2635 1704 2678 maJ'or.

1031 2693 1151 2728 Scribe
1164 2705 1235 2736 quoe
1249 2690 1418 2734 tibipejor
1429 2693 1510 2729 erit,
1532 2695 1567 2723 et
1580 2686 1621 2722 ad
1633 2686 1705 2720 for-

1031 2752 1153 2779 tunam
1163 2742 1267 2778 refer.
1274 2741 1417 2776 Frustra
1428 2753 1463 2776 se
1475 2743 1706 2775 exercuerunt
