1794 3100
714 229 881 274 IBIS.
1455 229 1511 283 45

81 324 306 390 Sanguine
327 322 494 391 probra
516 321 635 380 luas,
661 334 713 372 ut
735 342 818 371 avo
845 323 1044 387 genitore
1068 333 1238 370 creatus
1254 360 1266 380 ‚

145 402 232 451 Per
253 401 424 451 facinus
446 420 574 450 soror
594 411 661 450 est
685 401 757 449 cui
778 420 857 449 sua
878 401 993 448 facta
1014 418 1186 466 parens.

82 479 276 531 Ossibus
297 479 430 547 inque
457 479 545 527 tuis
570 477 645 527 teli
669 497 807 541 genus
825 479 988 527 haereat
1011 477 1151 535 illud,

146 559 360 608 Traditur
381 557 510 608 Icarii
532 577 622 625 quo
644 557 854 607 cecidisse
876 577 1022 622 gener.
1452 571 1518 617 57⁰

82 640 234 706 thue
253 637 418 705 loquax
439 637 488 685 in
512 655 628 704 equo
653 648 722 685 est
744 635 879 685 elisus
901 648 1058 700 guttur
1079 654 1238 685 acerno
1257 674 1268 695 ‚

149 716 222 766 Sic
244 715 328 764 tibi
350 713 580 763 claudatur
604 713 766 781 pollice
790 714 911 762 vocis
935 713 1031 763 iter.

82 795 176 845 Aut
197 805 250 843 ut
270 792 558 855 Anaxarchus
580 791 668 859 pila
691 792 904 841 minuaris
924 792 972 840 in
999 791 1085 840 alta
1099 830 1111 850 ‚

145 871 327 937 Ictaque
347 889 431 937 pro
453 867 597 918 solitis
617 868 822 933 frugibus
848 888 948 917 ossa
970 880 1143 918 sonent.

85 951 235 1016 thue
261 960 432 1015 patrem
455 947 734 1005 Psamathes,
761 947 925 996 condat
947 959 990 995 te
1013 947 1212 995 Phoebus
1235 947 1282 995 in
1302 947 1390 997 ima
1456 961 1521 1009 575

149 1027 357 1082 Tartara3
381 1023 503 1091 quod
525 1035 636 1072 natae
658 1023 821 1073 fecerat
844 1024 918 1073 ille
938 1045 1040 1074 suae.

89 1104 232 1170 Inque
255 1114 358 1150 tuos
382 1119 431 1149 ea
453 1100 591 1167 pestis
615 1112 708 1158 eat,
737 1119 869 1167 quam
893 1101 1045 1150 dextra
1072 1101 1286 1151 Choroebi

120 1225 195 1271 567.
202 1225 372 1268 Sanguine
377 1224 503 1267 probra
512 1224 599 1257 luas.
609 1221 758 1269 Myrrha
764 1249 773 1265 ‚

93 1277 245 1326 Cynarae
259 1275 328 1311 filia
342 1302 353 1319 ,
377 1289 420 1311 ex
442 1275 549 1321 patris
572 1287 775 1320 compressu

89 1328 382 1366 formosissimum
401 1327 538 1374 peperit
555 1326 724 1361 Adonim.

137 1383 214 1430 569.
228 1383 372 1417 Ossibus
380 1384 551 1426 Inqaetul's
605 1381 713 1415 Icarii
721 1393 777 1424 ge-

93 1447 163 1469 ner.
175 1433 364 1471 Inter-emit
381 1431 545 1480 Ulyssem
559 1438 697 1478 patrem
708 1431 780 1465 Te-

90 1487 256 1534 legonus,
275 1491 417 1532 accepto
433 1497 452 1519 a
471 1483 576 1520 Circe
599 1491 712 1519 matre
730 1483 780 1529 ja-

91 1540 170 1576 culo
193 1565 203 1583 ‚
239 1538 295 1575 cui
328 1550 394 1584 pro
423 1535 566 1583 cuspide
595 1536 780 1583 pastinacae

91 1593 240 1637 marina}
266 1591 366 1638 spina
390 1589 530 1637 praefixa
554 1597 629 1626 erat
649 1605 658 1633 ;
691 1589 778 1624 dum

91 1646 184 1682 forte
203 1646 361 1683 Ithacam
380 1644 530 1680 venisset
544 1670 554 1689 ,
579 1651 718 1690 patrem
740 1650 781 1678 ut

92 1697 220 1735 viseret
230 1725 239 1743 ‚
254 1698 431 1744 hujusque
442 1704 604 1732 armenta
612 1696 780 1741 abigeret,

97 1752 241 1799 ignarus
254 1751 362 1798 patris
377 1764 418 1786 ea
432 1763 516 1786 esse.
525 1751 618 1785 VAL.
634 1750 759 1784 Arum.

139 1807 216 1851 571.
235 1805 346 1850 thue
365 1806 502 1850 loquax.
525 1803 637 1837 Hunc
662 1801 782 1836 locum

94 1857 240 1903 explicat
263 1856 429 1892 Politian.
455 1855 492 1890 in
514 1853 752 1890 Miscellaneis
769 1878 779 1896 ‚

95 1923 169 1956 cap.
179 1912 231 1956 75.
243 1907 456 1954 Intelligitur
468 1913 586 1942 autern
600 1905 761 1941 Anticlus
770 1931 780 1949 ,

87 1961 158 2007 ,qui
178 1974 261 1998 cum
284 1960 418 1996 caeteris
437 1958 568 1995 Graecis
589 1971 682 2004 equo
696 1958 784 1993 Du-

99 2021 198 2050 rateo
218 2014 370 2050 inclusus
385 2040 396 2058 ‚
421 2013 466 2049 ad
486 2026 610 2049 vocem
633 2013 783 2048 Helenae

98 2065 297 2102 simulantis
309 2078 512 2102 sermonem
528 2072 565 2100 et
579 2065 686 2099 verba
699 2077 784 2099 uxo-

100 2117 148 2153 ris
161 2116 272 2161 illius,
289 2117 503 2163 respondere
519 2115 640 2152 voluit.
657 2115 728 2151 Sed
742 2116 783 2150 ab

101 2169 229 2218 Ulysse
246 2181 290 2204 eo
308 2182 419 2215 usque
436 2169 527 2205 illius
543 2169 662 2204 fauces
679 2181 785 2204 com-

100 2234 238 2268 presse,
246 2221 361 2257 donee
370 2234 452 2257 cum
461 2234 544 2257 voce
555 2235 626 2257 una
633 2229 669 2257 et
676 2222 784 2257 vitam

103 2273 284 2309 amitteret
308 2286 317 2308 ι
334 2279 476 2308 auctore
493 2272 753 2320 Tryphiodoro.

146 2327 220 2372 573.
236 2326 313 2361 Aut
329 2332 368 2360 ut
379 2325 622 2360 Anaxarchus.
641 2325 684 2360 In
701 2325 785 2360 Vita

101 2380 322 2423 Anaxarchi,
346 2379 505 2415 Laertius
532 2378 660 2422 tradit,
680 2379 786 2413 Ana-

99 2432 267 2468 xarchum
297 2432 395 2467 hunc
422 2431 633 2467 Abderitam
657 2429 760 2465 suisse
775 2458 785 2475 ,

101 2490 138 2519 et
155 2483 396 2519 Alexandrum
418 2491 591 2519 secutum,
612 2482 786 2517 Habuisse

101 2545 222 2573 autem
233 2538 415 2574 inimicum
428 2536 787 2583 Nicocreontem,Cy-

105 2591 265 2637 priorum
284 2598 488 2638 tyrannum,
506 2589 663 2625 Proinde
675 2601 787 2634 quum

104 2643 293 2689 aliquando
304 2657 386 2679 cum
400 2643 600 2679 Alexandro
611 2649 765 2678 coenaret
776 2669 785 2686 ,

105 2695 200 2741 isque
218 2696 261 2731 de
277 2696 426 2732 convivii
443 2696 610 2742 adparatu
624 2695 785 2729 Anaxar-

103 2745 210 2782 chum
237 2748 471 2794 interrogaret
492 2775 502 2793 ,
537 2747 756 2795 respondisse
776 2773 785 2790 ‚

841 1225 960 1259 omnia
976 1224 1068 1259 laute
1082 1232 1184 1270 atque
1200 1223 1342 1259 adfatim
1360 1224 1525 1270 adparata

841 1290 913 1311 esse
928 1303 937 1321 ‚
965 1284 1200 1322 praeterquam
1224 1276 1317 1322 quod
1341 1284 1443 1322 caput
1465 1290 1528 1312 sa-

843 1335 950 1374 trapae
962 1329 1257 1375 (Nicocreontcm
1269 1330 1442 1373 innuens)
1453 1343 1527 1364 non

843 1380 968 1415 eodem
987 1380 1142 1415 adlatum
1161 1388 1259 1416 esset.
1286 1382 1391 1418 Hanc
1403 1394 1526 1417 vocem

843 1441 962 1479 postea
977 1434 1248 1469 Nicocreontem
1262 1462 1271 1479 ‚
1286 1442 1428 1470 mortuo
1443 1435 1530 1470 Ale-

842 1486 976 1520 xandro
988 1513 999 1529 ,
1013 1485 1143 1531 ultum,
1157 1494 1260 1532 atque
1278 1488 1527 1523 Anaxarchum

842 1546 1049 1585 tempestate
1079 1540 1231 1585 quadam
1254 1540 1376 1588 Cypro
1400 1541 1529 1587 adpul-

843 1606 922 1628 sum
939 1593 1246 1639 comprehendisse
1260 1621 1269 1638 ,
1288 1595 1527 1641 mortarioque

843 1646 915 1681 sive
935 1645 1002 1691 pila
1024 1645 1040 1691 (
1058 1653 1097 1680 ut
1121 1646 1177 1681 hic
1200 1647 1353 1691 dicitur)
1376 1648 1529 1693 imposi—

844 1704 920 1732 tum
936 1724 945 1742 ,
970 1697 1102 1743 pistillis
1123 1698 1248 1732 ferreis
1264 1699 1435 1733 contundi
1453 1700 1531 1744 jus-

844 1751 925 1785 sisse
940 1763 949 1785 :
968 1757 1100 1785 exsecta
1109 1750 1215 1784 etiam
1227 1751 1345 1798 lingua
1357 1777 1366 1795 ,
1381 1765 1426 1785 ne
1443 1764 1532 1786 con-

847 1802 942 1837 viciis
954 1827 964 1845 ‚
983 1802 1107 1847 quibus
1129 1803 1235 1837 etiarn
1254 1802 1349 1838 inter
1366 1803 1532 1849 supplicia

847 1860 1040 1901 tyrannum
1058 1855 1275 1899 incessebat*,
1299 1855 1429 1891 diutius
1447 1870 1534 1892 mo—

847 1906 952 1942 lestus
977 1913 1066 1942 esset
1084 1921 1092 1949 ;
1126 1906 1204 1941 vide
1232 1914 1267 1942 et
1295 1908 1411 1944 valer,
1438 1909 1533 1944 Max.

847 1959 904 1994 lib.
920 1959 1000 2003 111,
1019 1972 1092 2005 cap.
1113 1960 1144 1995 3.
1162 1960 1303 1995 MICYL.

887 2013 962 2058 575.
974 2013 1083 2057 thue
1087 2018 1218 2056 patrem
1227 2015 1432 2049 Psamatht‘s.
1444 2015 1533 2051 Scri-

846 2065 890 2099 be
905 2067 1106 2100 Psamathes
1118 2078 1158 2100 ex
1170 2066 1311 2101 Photio.
1325 2069 1535 2115 H.—Ulque

843 2125 974 2163 palrem
984 2119 1198 2153 Psamathes.
1212 2119 1264 2154 Ita
1279 2120 1315 2154 in
1329 2121 1466 2157 Aldinis
1483 2123 1535 2158 le-

849 2170 943 2216 gitur
956 2184 965 2212 ;
981 2177 1020 2205 ut
1033 2170 1076 2205 de
1093 2170 1252 2216 Crotopo
1262 2173 1466 2210 Psamathes
1479 2189 1535 2221 pa-

849 2229 902 2256 tre
920 2248 929 2265 ,
955 2223 1054 2267 cujus
1071 2223 1277 2259 crudelitate
1293 2224 1402 2260 Linus
1419 2226 1535 2263 infans

851 2274 1025 2320 expositus
1043 2301 1052 2318 ,
1083 2283 1119 2310 et
1151 2288 1170 2309 a
1197 2277 1340 2312 canibus
1367 2278 1536 2315 laceratus

848 2325 935 2369 suit,
947 2326 1162 2373 intelligatur
1186 2328 1233 2363 Et
1246 2329 1336 2364 hanc
1349 2330 1536 2367 lectionem

850 2380 957 2415 etiam
972 2380 1189 2426 probabilem
1204 2381 1287 2416 facit
1304 2382 1339 2416 id
1357 2384 1449 2428 quod
1468 2392 1534 2421 sta-

851 2433 914 2468 tim
929 2434 1086 2478 sequitur
1101 2434 1144 2469 de
1165 2435 1344 2470 Choroebo
1357 2463 1366 2479 ,
1395 2437 1438 2472 de
1465 2453 1535 2484 quo

853 2486 1042 2521 Pausanias
1058 2486 1096 2520 in
1113 2487 1248 2521 Atticis.
1260 2488 1328 2522 Vel
1342 2488 1533 2537 Crotopus‚

853 2538 1068 2584 Argivorum
1086 2552 1145 2573 rex
1160 2565 1169 2582 ,
1199 2540 1258 2574 ubi
1276 2541 1411 2577 rescivit
1428 2543 1537 2579 filiam

854 2590 896 2624 ab
908 2589 1071 2634 Apolline
1081 2590 1238 2626 vitiatam
1249 2617 1258 2635 ‚
1272 2600 1375 2638 atque
1389 2602 1539 2631 matrem

853 2642 925 2686 jam
949 2655 1022 2676 esse
1037 2668 1047 2685 ‚
1071 2644 1176 2678 morti
1202 2644 1310 2680 dedit.
1334 2646 1540 2692 Indignatus

857 2693 985 2740 Apollo
1007 2692 1206 2741 Crotopum
1223 2697 1376 2732 confecit
1391 2700 1475 2734 tedis.
1488 2701 1544 2744 M,

899 2750 974 2799 577.
1000 2746 1105 2792 Inque
1127 2754 1204 2782 tuos
1229 2761 1270 2782 ea
1286 2754 1395 2792 pestis
1421 2760 1486 2787 eat.
1512 2755 1545 2789 A
