1794 3100
285 225 373 280 314

720 235 1262 289 DEDICATIONES

499 322 551 357 Ut
567 329 626 359 tua
642 338 699 361 me
711 352 721 371 ,
741 327 906 370 Com-ade
919 357 930 375 ‚
947 332 1034 370 fides
1048 334 1265 383 sibi-jungit,
1283 346 1319 374 et
1333 340 1389 377 ille

545 384 687 421 Rebus'
678 400 715 421 ιιι
731 388 882 426 adversis
897 405 985 438 saepe
1003 395 1166 440 probatus
1184 411 1294 435 amor
1425 439 1426 442 ,

494 444 596 487 Non,
613 444 741 481 mihi
715 462 742 483 si
759 449 899 487 Leth'aea
917 462 1078 499 premant
1095 456 1218 492 oblivia
1233 457 1354 496 sensus
1367 487 1376 504 ,
1440 496 1443 497 γ

540 505 685 543 Excidat
700 508 773 546 haec
788 512 895 557 pietas
909 522 1048 558 pectore
1064 515 1154 563 lapsa
1170 532 1261 555 meo.

495 565 599 602 Tunc
613 581 774 615 quoque,
793 571 934 610 fatalem
949 588 1059 621 quum
1075 579 1183 614 Parca
1199 581 1391 618 minabitur
1407 583 1552 630 horam,

529 627 688 665 Restahit
702 634 863 668 memori·
872 648 1005 673 nomen
1024 637 1060 674 in
1076 652 1136 675 ore
1151 648 1264 677 tuum.

493 687 571 733 Ipse
587 689 673 725 cinis
688 699 722 726 te
735 719 745 736 ‚
762 703 860 739 care,
879 709 996 742 meus,
1021 697 1185 736 conrade
1201 703 1415 750 ,loquetur:

519 748 671 787 Gestiet
688 752 834 790 officiis'
824 769 895 801 1psa
910 742 1025 794 favilla
1042 760 1115 806 piis.

487 808 595 846 Exsul
608 824 771 848 arenosos
789 814 908 863 Libyae
922 818 950 852 si
965 819 1086 855 mittar
1097 821 1134 856 in
1151 829 1253 859 aesius
1269 850 1277 866 ‚

533 871 586 910 'Ee
599 871 690 908 duce
709 873 887 912 desertum
906 891 979 915 non
997 880 1156 920 videatur
1172 882 1250 921 iter.

488 930 614 967 Mittar
629 933 819 972 inaccessos
837 937 905 972 Nili
920 938 1086 976 latitantis
1101 942 1143 977 ad
1161 951 1256 980 ortus
1270 971 1280 987 ,
1326 986 1328 989 Α
1387 993 1389 997 ¹

532 993 652 1028 Taedia
667 995 868 1042 longinquae
885 999 956 1034 sint
972 1000 1059 1035 mihi
1076 1002 1171 1038 nulla
1188 1004 1260 1039 viae.
1373 995 1376 998 Δ

486 1052 560 1088 Aut
576 1053 634 1088 uhi
653 1055 882 1102 Taprobane,
899 1060 1007 1101 modo
1024 1060 1133 1098 milite
1151 1070 1250 1109 capta
1264 1065 1395 1100 Batavo
1406 1092 1420 1118 ⁸

524 1113 656 1149 Evocat
671 1116 821 1162 alipedes
835 1131 977 1165 aequore
996 1121 1086 1157 Solis
1102 1135 1218 1168 equos.

481 1171 627 1210 Dulcius
643 1188 665 1209 o
682 1177 767 1212 mihi
782 1179 885 1215 melle
903 1189 1028 1227 caput¹
1049 1183 1142 1228 quod
1152 1185 1262 1232 gignit
1279 1186 1489 1233 Hymettos,
1519 1224 1523 1230 ⁴
1551 1228 1553 1230 .
1601 1221 1606 1227 ‚
1635 1217 1637 1219 ν
1664 1220 1665 1223 =

526 1234 635 1280 Quod
652 1237 737 1284 tegit
753 1239 913 1287 Hyblaei
907 1255 986 1278 cera
1004 1244 1130 1279 Sicana
1147 1245 1237 1281 favi:

477 1286 601 1332 Sidera
612 1306 777 1346 ,tempus
795 1302 884 1347 erit,
901 1305 989 1339 mihi
1006 1319 1118 1352 quum
1130 1321 1237 1354 super
1251 1309 1318 1353 alta
1335 1308 1455 1377 feraris
1470 1336 1479 1354 ‚
1546 1358 1548 1362 V

522 1324 704 1405 Gorg²onei
721 1362 825 1397 dorso
840 1373 992 1421 praepete
1008 1374 1126 1412 raptus
1143 1369 1251 1414 equi·

477 1417 552 1454 Ore
566 1433 694 1457 sonans
711 1435 821 1467 quum
835 1424 944 1461 Fama
956 1440 1038 1462 meo
1052 1435 1111 1463 tua
1127 1433 1221 1474 gesta
1231 1430 1413 1476 loquatum

521 1479 570 1515 Et
588 1488 623 1516 te
639 1485 842 1529 conspicuus
857 1486 929 1522 cive
938 1488 1096 1531 Batavus
1110 1497 1176 1526 eat.

471 1541 665 1579 Dictabunt
679 1558 847 1582 numeros
863 1547 946 1583 hinc
958 1550 1060 1585 turba
1075 1552 1213 1601 sororia
1225 1552 1372 1603 Phoebi

517 1602 614 1638 Hinc
630 1604 727 1641 Deus
745 1608 901 1647 auratam
916 1612 1071 1658 porriget
1088 1607 1159 1659 ipse
1176 1606 1323 1675 chelyn.
1468 1630 1485 1663 «ᾗ

469 1661 565 1697 Bella
581 1664 644 1699 tibi
661 1666 823 1703 Mavorte
839 1682 964 1705 canam
981 1671 1133 1708 discussa
1150 1669 1318 1719 togatb,³²³z
1303 1651 1481 1715 mm
1464 1643 1532 1698 ffb*

518 1723 673 1770 Telaque
689 1726 865 1763 flexanimi
880 1730 1031 1766 fulmine
1045 1731 1158 1776 fracta
1170 1734 1259 1769 soni.
1318 1773 1347 1790 (Δ,

466 1782 604 1828 Lingua
620 1786 784 1822 Pericleae
798 1788 846 1824 sic
861 1784 1019 1836 laudibus
1034 1793 1160 1828 aemula
1180 1795 1271 1830 vocis
1318 1835 1320 1838 .

514 1843 615 1888 Saepe
631 1844 747 1880 locuta
762 1839 844 1883 for'is
855 1875 865 1892 ‚
883 1862 976 1896 saepe
988 1852 1101 1888 locuta
1117 1854 1214 1894 domi
1230 1864 1291 1890 est.

467 1902 589 1947 Quem
606 1912 639 1940 te
656 1919 738 1941 cum
753 1908 870 1953 rigidis
887 1911 1011 1947 mirata
1026 1914 1214 1950 Trionibus
1231 1916 1357 1953 Arctos

515 1964 721 2008 Quamlibet
737 1967 845 2003 invita
860 1969 993 2006 distulit
1007 1984 1105 2008 arma
1120 1987 1239 2010 manu.

466 2023 578 2059 Gallia
594 2026 679 2071 quin
694 2028 799 2063 etiam
809 2055 818 2073 ,
839 2032 1006 2075 quamvis
1004 2033 1159 2069 facunda
1172 2035 1378 2081 ‚loquenti‚

514 2084 561 2119 Et
575 2094 762 2123 cunctante
777 2102 881 2135 rapax
896 2091 1060 2138 Sequana
1075 2061 1201 2145 plausit
1219 2110 1318 2143 aqua.

464 2144 537 2179 Seu
553 2147 663 2191 patria
680 2155 851 2185 attentam
866 2150 928 2187 tibi
943 2153 1039 2188 curia
1054 2157 1254 2192 commodat
1271 2171 1391 2194 aurem
1404 2185 1414 2202 ,

510 2205 756 2253 Indomitaque
774 2211 865 2255 trahi
883 2225 972 2248 voce
987 2222 1127 2257 senatus
1144 2225 1275 2264 aman

463 2265 624 2301 Romana
642 2268 716 2303 talis
733 2282 796 2314 pro
812 2271 970 2310 libertate
985 2274 1106 2312 diserti

513 2326 682 2363 Armabat
697 2330 846 2366 validam
864 2333 1000 2384 Tullius
1016 2337 1084 2372 oris
1100 2347 1215 2384 opem.

463 2386 611 2422 Nectare
628 2387 796 2426 Socratici
812 2405 934 2429 rorans
947 2409 1008 2431 seu
1021 2397 1140 2435 charta
1159 2399 1312 2441 Platonis
1324 2426 1334 2444 ,

505 2447 552 2482 Et
567 2447 695 2484 blando
710 2451 850 2498 Sophiae
866 2455 1012 2491 numine
1028 2451 1132 2503 fieta,
1151 2466 1282 2496 tenet.-

460 2507 516 2542 Ire
532 2522 595 2554 per
610 2511 751 2549 annales
767 2514 831 2548 aevi
846 2518 1002 2552 canentis
1018 2519 1060 2554 ab
1076 2527 1155 2555 ortu

507 2569 579 2604 Seu
594 2571 691 2616 juvat
702 2599 711 2616 ‚
730 2573 928 2612 historicam
941 2578 1027 2613 dum
1043 2581 1130 2615 bibis
1150 2594 1232 2616 aure
1250 2582 1375 2619 fidem:

457 2628 528 2664 Seu
543 2644 686 2668 vacuam
702 2643 822 2671 nostro
837 2638 1027 2676 stimularis
1035 2641 1200 2688 Apolline
1216 2652 1373 2681 mentem
1386 2658 1394 2686 ς

502 2690 655 2727 Maxima
670 2694 744 2731 laus
758 2697 865 2733 titulis
880 2701 990 2747 surgit
1005 2701 1133 2760 ubique
1153 2704 1229 2739 tuis.
1257 2739 1260 2744 ,

1351 1578 1517 1631 ’atem'

1552 1603 1583 1624 0»
