1794 3100
283 236 336 295 78
657 234 706 275 P.
747 233 981 278 ovlml
1014 233 1310 278 NASONIS

278 327 399 392 poris
417 337 523 374 natu
540 324 723 390 majores
741 325 920 373 adsidue
939 325 1097 383 coluit,
1116 337 1246 392 atque
1263 340 1288 374 a
1304 323 1551 375 minoribus
1569 345 1690 393 aeque

279 404 423 453 cultus
453 396 546 469 ipse
580 414 657 451 est.
691 403 802 466 Quae
838 403 983 452 omnia
1011 403 1058 451 in
1088 403 1224 451 ¹Trist.
1258 403 1337 451 lib.
1368 405 1446 462 IV,
1472 403 1593 468 Eleg.
1621 418 1652 452 Χ
1674 442 1690 463 ,

282 481 598 546 elegantissime
622 480 683 529 sic
706 480 860 528 scribit
882 500 891 527 :

493 611 658 646 Protinus
674 610 862 645 excolimur
879 610 1011 654 teneri,
1027 622 1176 656 curaque
1195 610 1346 655 parentis

537 672 633 706 Imus
652 669 693 704 ad
710 669 862 715 insignes
878 670 984 704 Urbis
999 670 1040 705 ab
1054 677 1128 705 arte
1147 671 1249 705 viros.

497 731 621 765 Frater
638 730 680 764 ad
699 730 877 774 eloquium
896 729 996 764 viridi
1014 730 1178 765 tendebat
1194 730 1236 764 ab
1250 742 1342 773 aevo,

540 791 658 826 Fortia
675 790 808 824 verbosi
826 797 927 825 natus
945 789 986 824 ad
1003 802 1097 824 arma
1112 789 1191 825 fori.
1240 785 1243 787 ¹

501 852 550 887 At
569 850 655 885 mihi
671 851 742 897 jam
762 863 871 895 puero
886 849 1031 885 caeiestia
1046 864 1140 885 sacra
1155 850 1335 895 placebant
1346 876 1355 894 ‚

485 901 488 904 ”
538 913 650 956 Inque
670 923 773 945 suum
787 910 911 944 furtim
927 910 1031 944 Musa
1048 909 1211 944 trahebat
1221 911 1318 955 opus.

508 971 609 1017 Saepe
627 978 726 1016 pater
741 970 825 1005 dixit
842 984 851 1005 t
871 970 1036 1013 Studium
1053 969 1137 1014 quid
1154 970 1275 1004 inutile
1290 970 1428 1010 tentas?

539 1030 735 1065 Maeonides
750 1030 860 1064 nullas
875 1030 946 1075 ipse
964 1029 1105 1074 reliquit
1119 1042 1213 1074 opes.
1406 1075 1417 1079 ss

500 1091 621 1126 Motus
638 1103 735 1125 eram
752 1090 867 1133 dictis,
886 1097 1030 1135 totoque
1047 1089 1223 1125 Helicone*
1235 1089 1355 1130 relicto
1367 1116 1377 1133 ,
1399 1079 1405 1085 ⁸

540 1150 699 1186 Scribere
717 1150 868 1185 conabar
885 1150 987 1185 verba
1002 1150 1114 1185 soluta
1130 1149 1253 1185 modis.

502 1211 636 1257 Sponte
653 1224 713 1246 sua
730 1224 873 1247 carmen
889 1223 1055 1246 numeros
1070 1210 1231 1245 veniebat
1246 1210 1288 1245 ad
1304 1217 1399 1256 aptos
1413 1223 1424 1252 ξ

542 1272 606 1315 Et,
624 1271 717 1318 quod
735 1272 911 1307 tentabam
931 1271 1045 1306 dicere
1056 1297 1065 1315 ,
1083 1278 1299 1318 versusTerat.

507 1334 649 1368 Interea
662 1359 671 1376 ,
690 1332 793 1367 tacito
810 1345 909 1377 passu
925 1331 1119 1367 labentibus
1133 1331 1251 1375 annis,

542 1392 702 1427 Liberior
716 1391 813 1426 fratri
829 1399 966 1437 sumpta
980 1418 989 1435 ,
1007 1391 1163 1437 mihique
1179 1382 1258 1437 toga
1274 1398 1344 1426 est:

505 1451 738 1497 Induiturque
756 1452 911 1486 humeris
926 1464 1007 1486 cum
1021 1452 1091 1486 lato
1110 1464 1264 1497 purpura
1274 1450 1388 1492 clavo3

545 1513 593 1548 Et
607 1512 763 1547 studium
780 1513 896 1557 nobis,
915 1512 1008 1558 quod
1024 1512 1186 1548 suivante
1198 1539 1207 1557 ,
1225 1518 1355 1549 manet.

502 1574 654 1619 Jamque
673 1573 794 1608 decem
813 1573 890 1607 vitae
905 1572 1013 1607 frater
1030 1573 1266 1619 geminaverat
1281 1584 1389 1607 annos
1401 1597 1411 1615 ,

552 1633 677 1678 Quum
693 1633 803 1678 perit,
821 1640 856 1667 et
870 1633 956 1677 coepi
971 1639 1067 1677 parte
1084 1645 1201 1673 carere
1218 1632 1300 1667 mei.

509 1694 678 1739 Cepimus
696 1700 731 1728 et
748 1700 878 1728 tenerae
897 1693 1027 1738 primos
1043 1693 1149 1728 aetatis
1164 1693 1316 1728 honores
1327 1719 1337 1735 ,

549 1754 674 1799 Deque
691 1753 772 1788 viris
789 1753 967 1798 quondam
982 1766 1059 1797 pars
1076 1753 1185 1798 tribus
1202 1766 1272 1787 una
1286 1752 1347 1786 fui.

509 1814 616 1848 Curia
632 1814 782 1848 restabat
797 1828 805 1855 ;
823 1813 907 1848 clavi
923 1826 1088 1847 mensura
1103 1820 1220 1848 coacta
1235 1819 1305 1847 est:

551 1875 673 1919 Majus
688 1882 762 1909 erat
777 1874 903 1908 nostris
918 1874 1046 1908 viribus
1062 1873 1145 1907 illud
1161 1886 1259 1908 onus.

511 1935 585 1970 Nec
601 1934 735 1979 patiens
751 1946 893 1979 corpus,
909 1946 975 1968 nec
989 1946 1089 1967 mens
1103 1932 1168 1966 suit
1182 1939 1259 1977 apta
1273 1931 1379 1967 labori
1397 1945 1406 1974 ;

548 1994 781 2038 Sollicitaeque
794 1993 899 2039 fugax
912 1993 1110 2028 ambitionis
1125 2005 1243 2027 eram:

440 2079 442 2082 -
504 2055 551 2089 Et
566 2061 684 2099 petere
702 2054 826 2088 Aoniae
839 2053 1030 2088 suadebant
1045 2060 1119 2087 tuta
1140 2052 1284 2087 Sorores

548 2115 649 2157 Otia,
667 2114 796 2159 judicio
810 2126 949 2159 semper
963 2120 1075 2148 amata
1093 2126 1183 2147 meo.

504 2175 689 2220 Temporis
707 2174 795 2209 illius
808 2174 898 2209 colui
912 2165 1053 2219 fovique
1068 2180 1205 2219 poetas:

552 2235 721 2280 Quotque
738 2234 884 2268 aderant
897 2241 990 2268 vates
1001 2260 1010 2276 ‚
1027 2233 1129 2268 rebar
1146 2232 1261 2267 adesse
1273 2232 1378 2267 Deos.

506 2294 603 2340 Saepe
622 2306 699 2329 suas
714 2294 867 2328 volucres
882 2293 964 2339 legit
981 2293 1068 2327 mihi
1085 2292 1251 2338 grandior
1264 2304 1338 2327 aevo
1350 2318 1361 2337 ,
1409 2294 1414 2297 '
1434 2311 1444 2320 ο

555 2354 714 2400 Quaeque
731 2361 834 2388 nocet
849 2365 1005 2398 serpens,
1024 2366 1099 2398 quae
1114 2353 1209 2398 juvat
1225 2353 1331 2388 herba
1343 2379 1353 2396 ,
1371 2351 1501 2387 Macer.

509 2415 609 2461 Saepe
625 2427 703 2449 suos
718 2413 837 2449 solitus
851 2414 995 2449 recitare
1010 2413 1212 2458 Propertius
1228 2413 1340 2458 ignes,

554 2476 643 2509 Jure
657 2474 804 2512 sodalitii
821 2475 880 2519 qui
896 2474 982 2508 mihi
993 2475 1132 2519 iunctus
1148 2480 1231 2508 erat.

511 2536 676 2571 Ponticus
691 2535 818 2578 heroo,
834 2536 956 2570 Battus
971 2546 1109 2580 quoque
1124 2533 1234 2569 clarus
1242 2532 1368 2571 ‚iambis

555 2596 680 2630 Dulcia
695 2596 868 2631 convictus
884 2595 1043 2630 membra
1053 2595 1151 2630 fuere
1166 2592 1248 2628 mei.

511 2656 674 2691 Detinuit
689 2664 821 2691 nostras
838 2669 1044 2691 numerosus
1059 2655 1225 2690 Horatius
1239 2666 1337 2688 aures
1351 2679 1360 2697 ‚

552 2716 651 2750 Dum
666 2716 747 2751 ferit
762 2717 916 2752 Ausonia
931 2717 1084 2752 carmina
1100 2715 1189 2751 culta
1204 2715 1287 2761 lyra.
