1794 3100
260 214 344 255 280
699 213 1227 256 DEDICATIONES

256 315 333 350 aut
356 304 570 352 montium
591 304 764 368 fastigia
785 316 1004 371 pertentat
1019 342 1031 359 ,
1059 305 1203 367 'magis
1226 304 1427 353 homines
1449 304 1670 368 oblectat„

258 398 387 445 quam
421 380 488 428 sol
511 381 605 447 ipse
621 419 632 438 ,
661 400 790 446 quem
823 381 1043 446 promittit
1065 401 1074 429 :
1100 382 1160 428 ita
1190 380 1367 430 delicata
1390 380 1463 430 illa
1487 382 1672 445 linguae,

255 470 349 505 tum
373 476 419 506 se
442 458 631 522 primum
657 459 966 507 commoventis
983 496 995 516 ‚
1030 459 1200 524 puritas
1218 495 1229 515 ‚
1269 477 1365 524 quae
1393 459 1516 525 prius
1541 479 1673 526 quam

253 535 400 599 poesis
421 535 539 601 ipsa,
566 534 686 600 quod
708 553 799 582 non
821 534 949 583 multi
966 535 1139 593 vident,
1166 535 1369 584 absoluta
1390 536 1475 585 fuit
1497 556 1546 586 ac
1572 556 1675 603 per·-

253 611 387 667 fecta,
414 611 537 677 quasi
555 611 666 658 nihil
683 612 825 676 majus
848 611 1185 677 exspectandum
1205 623 1341 669 esset,
1367 611 1562 661 eruditos
1580 613 1674 662 ani-

254 705 350 734 mos
366 687 412 733 in
431 687 761 735 admirationem
779 690 848 736 sui
868 688 999 735 traxit
1014 706 1062 735 ac
1081 687 1242 735 defixit.
1266 688 1499 746 Caeterum,
1521 708 1674 755 quem-

258 762 491 810 admodum
523 782 711 812 romanae
743 783 811 812 res
841 762 951 810 nihil
974 782 1095 830 aeque
1116 764 1345 829 proprium
1366 776 1441 812 aut
1467 784 1673 815 consum-

253 853 420 889 matum
434 841 627 890 habuere
640 879 650 899 ‚
671 861 721 890 ac
741 842 1036 906 majestatem,
1062 861 1191 908 quam
1206 861 1256 889 ex
1271 843 1574 905 magnitudine
1589 843 1674 892 im-

253 918 403 983 perio,
429 919 651 967 severitate
678 938 879 976 morum,
911 938 959 967 ac
994 917 1225 977 felicitate,
1258 920 1380 967 Deus
1413 919 1674 969 immortalis

254 995 443 1061 principi
466 1008 677 1044 terrarum
694 995 865 1063 populo
881 995 1073 1044 fataliter
1095 1007 1314 1047 servarat-z
1334 996 1395 1045 ita
1415 995 1468 1044 ad
1488 1014 1674 1062 poeseos

253 1072 476 1134 fastigium
499 1091 547 1120 ac
566 1072 736 1121 culmen
750 1111 761 1131 ‚
788 1074 983 1139 quaedam
1002 1074 1143 1122 adhuc
1163 1074 1339 1122 deerant
1355 1065 1675 1140 virtutes,'quae

254 1147 411 1213 poesin
431 1148 582 1213 potius
600 1147 899 1206 absolverent,
921 1169 1050 1215 quam
1070 1149 1230 1211 linguae
1249 1161 1530 1198 venustatem.v
1553 1151 1675 1197 Inter
1702 1213 1708 1216 .

257 1244 366 1290 quas
390 1226 592 1290 majestas
615 1227 755 1292 prima
778 1227 877 1275 suit.
916 1228 1026 1290 Quae
1050 1228 1096 1274 in
1122 1227 1253 1276 Publ.
1278 1227 1465 1290 Virgilio
1490 1229 1675 1276 Marone

256 1314 375 1350 tanta
397 1302 482 1350 suit
496 1340 507 1360 ,
531 1314 580 1350 ut
601 1322 656 1350 ne
678 1303 834 1370 populi
855 1304 1024 1351 romani
1047 1292 1224 1369 quidem
1249 1303 1462 1368 majestati
1485 1296 1563 1352 aut
1585 1305 1674 1352 im-

255 1380 366 1446 perii
401 1380 622 1437 concedat.
658 1382 753 1444 Qui
786 1383 1052 1438 Homerum,
1081 1382 1256 1430 Graeciae
1286 1382 1422 1430 totius
1451 1382 1595 1431 Deum
1625 1401 1673 1431 ac

255 1471 480 1524 stuporem
497 1495 508 1514 ,
533 1458 619 1505 hoc.
637 1458 802 1522 judicio
827 1477 876 1505 ac
898 1471 1042 1507 mente
1064 1458 1199 1521 legit,
1223 1471 1273 1506 ut
1294 1459 1447 1524 poesin
1466 1460 1558 1524 eJus
1577 1460 1673 1508 uni-

254 1554 421 1583 versam
454 1535 500 1581 in
535 1535 733 1582 ordinem
760 1536 980 1597 redigeret
1016 1555 1025 1583 :
1060 1536 1121 1583 ita
1142 1536 1337 1584 imitatus
1359 1535 1466 1593 fuit,
1488 1547 1538 1584 ut
1558 1555 1674 1602 quae-

256 1629 442 1676 cumque
465 1611 509 1659 in
537 1630 588 1659 eo
617 1612 776 1677 partim
801 1612 1005 1660 vetustati
1028 1613 1167 1674 magis
1199 1613 1510 1671 adscribenda,
1539 1611 1676 1679 *quam

256 1701 417 1737 aeterno
442 1709 489 1736 ac
509 1689 858 1755 >incomparabili
889 1700 1029 1755 poetae
1061 1690 1190 1752 genio
1224 1690 1478 1756 judicioque
1501 1703 1674 1749 essent,

256 1767 415 1832 partim
430 1785 526 1831 quae
538 1785 563 1813 a
576 1765 738 1814 criticis
750 1804 762 1824 ,
779 1785 890 1832 quos
906 1765 978 1814 ille
991 1778 1058 1814 tot
1071 1767 1388 1833 propemodum
1404 1779 1514 1833 quot
1526 1786 1674 1817 versus

256 1842 438 1899 habuit,
462 1860 556 1889 non
579 1853 694 1890 recte
719 1842 943 1890 emendata
966 1854 1041 1890 aut
1062 1842 1243 1889 infarcta
1265 1853 1435 1900 essent,
1471 1842 1538 1890 vel
1565 1843 1672 1896 vita-

257 1930 350 1976 ret,
375 1917 450 1972 vel,
466 1937 547 1983 pro
572 1917 784 1979 dignitate
807 1919 955 1966 aeterni
991 1918 1147 1984 populi
1184 1919 1408 1984 expressit.
1448 1919 1595 1982 Quem·
1624 1920 1672 1968 in

257 2000 379 2063 parte
397 1996 542 2062 operis
554 2033 565 2052 ,
585 1996 632 2042 in
651 1997 740 2061 quo
763 1995 995 2060 saepissime
1011 1995 1227 2058 adsurgit,
1255 1996 1425 2044 curiosa
1443 1993 1670 2046 Flacci'se-

259 2078 359 2120 cuta
382 2084 448 2120 est
472 2070 683 2130 felicitas„
698 2071 943 2119 Restabant
965 2071 1109 2119 adhuc
1132 2071 1308 2138 reliquae
1333 2072 1537 2130 virtutes,
1565 2072 1672 2138 quas

259 2148 330 2195 vix
353 2148 497 2195 animo
522 2158 834 2212 conceperant,
862 2147 937 2211 qui
961 2159 1138 2195 caeteros
1159 2166 1249 2195 non
1277 2148 1371 2195 sine
1393 2165 1520 2196 causa
1539 2147 1672 2196 mira-

258 2223 419 2272 bantur
437 2245 446 2272 :
471 2222 669 2278 facilitas,
696 2223 969 2288 simplicitas,
990 2242 1170 2272 acumen
1187 2261 1198 2280 ,
1218 2242 1266 2271 ac
1284 2223 1512 2280 velocitas-3
1531 2223 1671 2288 inpri—

259 2302 343 2349 mis
376 2312 523 2348 autem
545 2300 745 2348 suavitas.
777 2301 887 2363 Quae
914 2301 1052 2348 virtus
1081 2313 1131 2348 ut
1152 2312 1218 2348 est
1239 2311 1490 2348 caeterarum
1507 2299 1673 2365 prima,

260 2379 321 2426 ita
342 2397 394 2426 ex
417 2378 487 2425 his
509 2389 692 2426 constat.
731 2378 841 2439 Quae
872 2377 917 2425 in
941 2377 1082 2426 >Publ.
1104 2378 1277 2426 vOvidio
1302 2378 1477 2426 Nasone
1493 2414 1504 2435 ,
1528 2377 1675 2444 equite

261 2476 442 2504 romano
458 2494 468 2513 ‚
495 2455 611 2503 salva
634 2455 793 2518 linguae
816 2457 1025 2521 puritate,
1049 2455 1155 2504 tales
1170 2467 1272 2504 sunt
1291 2475 1339 2503 ac
1363 2455 1520 2514 tantae,
1546 2461 1615 2512 ut',
1635 2457 1674 2503 si

261 2534 445 2581 aliorum
469 2533 681 2596 majestati
707 2532 855 2590 cedat,
884 2533 936 2581 de
959 2552 1044 2599 qua
1070 2534 1114 2580 in
1138 2533 1307 2581 diverso
1330 2551 1484 2595 genere
1511 2552 1565 2580 ne
1592 2551 1673 2580 co-

261 2610 412 2672 gitavit
437 2611 612 2675 quidem
627 2647 639 2667 ,
664 2608 836 2658 nullum
858 2610 1045 2676 reperire
1068 2610 1212 2676 possis
1226 2646 1237 2667 ,
1260 2610 1330 2657 cui
1357 2610 1404 2656 in
1426 2609 1549 2676 poesi
1571 2608 1670 2656 loco

264 2686 397 2735 cedat.
424 2688 508 2744 Et,
533 2686 652 2752 quod
675 2687 812 2748 magis
833 2687 1074 2743 admirere,
1098 2705 1225 2736 nemo
1257 2687 1297 2735 ei
1329 2698 1415 2735 tam
1447 2684 1670 2735 dissimilis
