1794 3100
1225 245 1524 261 mmmmm.

563 346 803 388 JOANNIS
833 346 1058 388 MASSON

311 448 1327 578 DlssERTATlo

170 659 254 707 DE
289 658 576 724 ANTIQUO
610 658 810 708 VEIDII
845 659 1177 709 POLLIONIS
1210 659 1454 709 NUMMO

493 802 641 840 QUEM
669 803 783 832 vlnl
812 803 1156 833 CELEBERRIMI

275 911 528 947 PERPERAM
551 912 725 946 OVIDIO
751 913 931 947 NASONI
954 913 1359 949 ADSCRIPSERANT.

625 1046 1012 1066 —w—

161 1222 193 1260 1.
213 1219 314 1268 Quae
331 1217 403 1257 hac
419 1217 465 1257 de
482 1231 523 1257 re
539 1217 631 1258 olim
647 1217 688 1256 in
709 1225 836 1269 poetae
854 1216 930 1257 vita
946 1227 956 1243 ¹
974 1245 986 1266 ‚
1007 1231 1075 1271 per
1090 1225 1333 1256 transennam
1347 1225 1386 1257 et
1405 1218 1541 1268 partim

105 1306 152 1332 ex
171 1289 402 1346 conjecturis
423 1288 823 1330 ratiocinationibusve
837 1317 848 1337 .,
871 1289 1048 1328 adversus
1065 1288 1168 1328 viros
1189 1288 1371 1328 maximos
1384 1296 1543 1328 notave-

105 1376 185 1402 ram
202 1389 215 1410 ,
226 1361 290 1401 hic
304 1375 476 1401 seorsum
488 1360 582 1400 mihi
596 1360 831 1400 retractanda
844 1360 1022 1401 videntur
1037 1389 1048 1409 ‚
1068 1368 1111 1400 ut
1122 1375 1225 1399 nunc
1240 1360 1393 1399 tandem
1407 1359 1543 1400 veritas

106 1433 147 1472 in
173 1440 260 1473 tuto
294 1446 513 1486 summaque
540 1432 625 1472 luce
656 1432 869 1472 collocetur
888 1460 900 1479 ‚
939 1440 1141 1486 postquam
1180 1431 1275 1471 illud
1310 1431 1544 1485 antiquitatis

106 1511 400 1545 monumentum
427 1518 448 1543 a
469 1518 530 1543 me
558 1511 832 1554 conspectum,
862 1517 904 1542 ac
936 1503 982 1542 ad
1011 1503 1219 1542 accuratius
1249 1517 1404 1542 examen
1428 1517 1543 1542 revo-

109 1585 235 1617 catum
250 1576 336 1616 suit.

165 1650 222 1689 11.
233 1648 390 1689 Scilicet
401 1677 413 1698 ‚
437 1663 486 1688 ne
502 1647 630 1703 longis
646 1655 729 1688 utar
746 1646 961 1702 ambagibus
975 1676 987 1696 ‚
1005 1663 1123 1701 quum
1138 1649 1277 1688 Romae
1291 1662 1361 1698 per
1378 1655 1547 1687 aestatem

110 1720 190 1762 An.
224 1734 327 1776 ¹7⁰9
353 1720 554 1775 degerem,
579 1719 742 1759 maximo
760 1718 840 1758 zelo
857 1747 868 1767 ‚
899 1733 970 1758 nec
998 1718 1140 1758 minori
1171 1733 1259 1758 cura
1284 1717 1547 1772 perquirebam

111 1806 160 1831 an
190 1791 404 1831 adhucdum
422 1820 434 1840 ‚
475 1800 515 1831 et
541 1791 694 1831 ubinam
721 1798 862 1831 extaret
889 1790 954 1830 ille
983 1790 1195 1837 Nummus,
1234 1804 1346 1843 quem
1374 1797 1437 1829 tot
1462 1798 1549 1828 ante

112 1863 221 1903 annis
257 1862 399 1902 ibidem
414 1862 530 1925 'apud
570 1862 625 1901 ill.
658 1869 867 1902 matronam
902 1862 1087 1901 Feliciam
1126 1862 1383 1901 Rondam'nioe
1398 1890 1410 1908 ,
1438 1860 1550 1900 vide-

114 1944 220 1984 rant,
238 1936 404 1989 indeque
415 1964 426 1984 ‚
439 1949 509 1975 ceu
521 1934 654 1975 Ovidii
671 1934 836 1975 Nasonis
850 1948 993 1974 nomen
1008 1948 1050 1973 ac
1065 1941 1177 1984 caput
1188 1949 1268 1984 prae
1284 1948 1323 1973 se
1338 1933 1523 1972 serentem
1536 1961 1547 1979 ‚

116 2007 361 2062 vulgaverant
382 2005 455 2048 viri
485 2020 596 2057 supra
627 2005 755 2045 laudes
796 2004 913 2056 positi
942 2004 1068 2044 Nicol.
1099 2004 1305 2051 Heinsius,
1342 2012 1380 2043 et
1412 2004 1552 2043 Ezeclz.

116 2079 385 2133 Spanhemius.
419 2079 518 2118 Rem
549 2077 603 2116 sic
632 2077 875 2132 investiganti
910 2076 1098 2116 succurrit
1130 2075 1191 2115 Cl.
1227 2075 1276 2113 V.
1320 2075 1359 2114 F
1357 2075 1552 2114 ranciscus

118 2151 359 2190 Blanchinus
373 2179 386 2197 ‚
418 2157 499 2188 tum
523 2149 744 2188 camerarius
771 2148 962 2188 Clementi
984 2149 1081 2187 xll.
1103 2149 1146 2187 P.
1168 2147 1412 2187 IIonorarius
1429 2175 1440 2194 ‚
1465 2161 1553 2185 nar-—

117 2236 205 2263 rans
225 2222 327 2262 idem
342 2220 546 2261 Cimelium
561 2228 654 2260 tunc
670 2220 855 2277 temporis
874 2218 1053 2259 asservari
1069 2218 1109 2257 in
1121 2219 1270 2258 Musaeo
1287 2217 1420 2256 Emin.
1439 2216 1551 2256 card.

120 2292 316 2334 Ottoboni
331 2321 343 2341 ‚
363 2292 426 2332 cui
445 2306 466 2330 a
483 2291 637 2331 secretis
657 2290 769 2342 paulo
789 2298 875 2330 ante
891 2289 1023 2329 suerat.
1038 2291 1131 2329 Mox
1149 2290 1229 2343 ejus
1244 2288 1475 2327 humanitate
1488 2315 1499 2335 ‚
1517 2294 1554 2326 et

119 2363 286 2415 ipsomet
299 2364 503 2403 comitante
517 2391 528 2411 .,
552 2362 760 2402 Nummum
775 2369 938 2401 tractans
949 2390 960 2409 ‚
981 2360 1105 2400 statim
1120 2359 1226 2399 facile
1241 2358 1439 2410 perspexi,
1459 2357 1555 2397 nihil

120 2434 315 2475 dubitante
349 2435 467 2474 docto
500 2434 636 2474 eodem
665 2433 747 2474 viro
771 2466 784 2482 ,
822 2433 929 2473 illum
963 2446 1092 2473 revera
1126 2431 1330 2471 nebulonis
1361 2429 1554 2485 cujusdam

119 2505 251 2546 fraude
271 2505 543 2553 adulteratum,
567 2512 686 2555 prout
712 2505 786 2558 jam
815 2512 901 2543 ante
933 2502 1138 2558 augurabar
1159 2531 1171 2551 ‚
1203 2502 1319 2541 fuisse
1334 2530 1346 2550 ,
1381 2510 1419 2540 et
1454 2508 1556 2540 tanta

122 2575 275 2630 quidem
293 2575 480 2626 imperitia
494 2604 506 2623 ‚
528 2582 572 2614 ut
588 2575 696 2627 plura
716 2583 962 2615 cernerentur
984 2574 1131 2614 artificii
1147 2572 1306 2626 vestigia
1320 2602 1332 2620 ,
1356 2572 1555 2613 nonnulli-

125 2660 199 2700 que
221 2654 460 2698 superessent
481 2646 717 2699 antiquarum
741 2645 950 2685 litterarum
981 2645 1117 2685 ductus
1136 2673 1146 2691 ‚
1183 2658 1278 2697 quos
1307 2644 1453 2683 Burino
1468 2673 1479 2691 ‚
1517 2651 1554 2682 ut

172 2770 184 2788 ¹
207 2767 288 2802 Vid.
305 2780 409 2813 supra
422 2794 430 2809 ,
450 2779 525 2812 pag.
547 2767 618 2802 156.
