1794 3100
531 249 659 294 PER
691 250 734 293 J.
774 248 1089 293 MAssoN.
1449 252 1532 311 189

354 342 552 389 Quondam
571 343 731 378 Caesareoe
742 342 848 378 nimis
858 344 981 386 puella·

397 404 498 440 Falso
514 404 659 439 nomine
676 402 836 439 subditus
851 403 1043 444 Corinnae;

93 483 160 532 uti
178 483 269 550 jam
293 501 428 550 supra
451 502 503 532 ex
533 481 705 531 tS'idom'o
726 482 976 548 Apollinari
998 481 1263 529 notavimus.
1290 481 1380 530 Sed
1403 502 1535 549 quam

91 558 200 610 falsa
219 560 277 610 sit
294 560 388 610 haec
401 561 554 628 opinio
567 598 578 618 ‚
608 580 698 627 quo
717 560 773 608 ad
794 559 958 608 Juliam
978 558 1175 622 Augusti
1190 558 1349 616 filiam,
1368 560 1534 609 ibidem

94 658 274 706 quoque
298 638 603 688 indicavimus.
628 640 696 687 Ne
717 657 820 687 vero
842 650 886 686 et
904 637 1040 703 hujus
1061 637 1276 704 principis
1294 639 1442 704 neptis,
1467 639 1535 688 vel

92 718 269 775 ancilla,
300 738 351 768 ea
365 719 523 786 puellae
546 717 752 781 ambigua
777 736 883 766 voce
908 716 1231 780 intelligeretur
1246 755 1257 775 ,
1294 717 1356 766 sic
1391 718 1536 767 Aldus

91 796 312 845 Manutius
336 801 346 821 ¹
372 808 527 844 contra
548 787 838 844 ratiocinatur
858 815 868 844 z
897 818 919 838 «
945 796 1093 860 Quam
1117 794 1223 843 ficto
1248 795 1424 844 nomine
1444 797 1537 846 Co-

94 897 120 917 »
148 873 321 923 rinnam
342 872 606 941 adpellavit,
632 874 828 940 potitum
854 871 901 923 se
924 885 1113 922 testatur
1134 873 1183 921 in
1208 874 1362 921 Amor.
1381 872 1461 922 lib.
1488 867 1564 944 ‘I‚'

99 974 122 994 »
151 950 276 1016 Eleg.
301 964 348 999 V.
379 953 528 1016 Quare
551 953 589 1000 si
611 971 660 1000 ea
680 951 748 1001 vel
765 951 880 1011 filia,
902 950 965 1000 vel
983 952 1154 1018 neptis,
1177 950 1244 999 vel
1262 950 1420 999 ancilla
1440 953 1536 1000 Cae-

100 1051 122 1071 »
151 1029 261 1078 saris
273 1067 285 1088 ,
300 1028 368 1078 vel
385 1049 673 1096 quaecumque
689 1029 771 1079 alia
786 1029 921 1078 fuerit
937 1030 998 1079 sic
1015 1029 1079 1077 illi
1099 1049 1219 1087 cara,
1240 1040 1291 1077 ut
1305 1042 1537 1097 propterea

100 1130 124 1149 »
152 1106 364 1156 Ovidium
388 1106 668 1170 relegaverit3
696 1127 788 1155 non
810 1126 944 1165 error,
977 1108 1054 1157 sed
1078 1107 1222 1157 scelus
1242 1107 1422 1166 fuisset3
1446 1129 1536 1157 non

102 1208 125 1227 »
154 1185 317 1234 inscius
341 1185 524 1234 vidisset
546 1185 732 1242 crimen,
756 1186 833 1234 sed
856 1186 998 1235 sciens
1021 1185 1210 1235 fecisset.
1239 1208 1259 1227 >³

163 1266 226 1312 At
258 1263 499 1312 absurdum
532 1282 718 1329 prorsus
747 1263 863 1312 soret
891 1264 1122 1321 arbitrari,
1148 1265 1345 1327 Augusti
1382 1275 1537 1331 neptem

100 1343 184 1392 sub
217 1335 329 1390 falso
366 1340 561 1390 Corinnoe
588 1341 768 1391 nomine
792 1341 850 1390 ab
876 1341 1041 1390 ovidio
1068 1341 1208 1390 fuisse
1230 1353 1416 1390 amatam
1433 1382 1446 1402 ,
1480 1344 1541 1392 si-

100 1421 278 1489 quidem
309 1420 403 1470 haec
435 1420 628 1468 Nasonis
660 1419 885 1483 ingenium
909 1420 996 1485 jam
1034 1432 1254 1480 moverat,
1286 1440 1424 1488 quum
1449 1423 1541 1488 ejus

97 1500 226 1549 barba
253 1509 406 1548 resecta
436 1498 543 1548 biSve
574 1498 743 1548 semelve
782 1499 954 1558 fuerat,
991 1498 1077 1547 hoc
1103 1511 1194 1556 est,
1220 1518 1336 1547 anno
1370 1500 1542 1548 circiter

99 1581 156 1629 U.
181 1580 233 1628 C.
260 1590 518 1637 DCCXXXII,
544 1590 594 1627 ut
612 1578 668 1626 ad
690 1597 791 1627 eum
811 1578 1030 1637 diximus;
1052 1598 1143 1646 quo
1170 1591 1312 1628 tamen
1340 1592 1539 1648 tempore

99 1657 300 1706 nondum
317 1669 420 1706 nata
438 1656 524 1705 fuit
541 1655 667 1704 Julia
685 1656 832 1723 neptis
851 1657 1058 1720 Augusti.
1078 1658 1257 1706 Etenim
1277 1657 1402 1706 Jult‘a
1418 1658 1540 1708 illius

99 1747 239 1785 mater
262 1735 443 1784 nonnisi
467 1754 587 1783 anno
611 1736 667 1782 U.
695 1735 744 1782 C.
772 1745 1020 1783 DCCXXXIII
1045 1746 1186 1801 nupta
1211 1747 1278 1783 est
1302 1736 1511 1804 Agrippae
1528 1778 1538 1791 ,

102 1814 244 1880 quiex
260 1832 308 1862 ea
325 1832 442 1862 anno
457 1813 755 1880 subsequente
777 1810 923 1860 Caium
935 1852 946 1869 ‚
968 1812 1166 1861 omnium
1185 1813 1429 1863 liberorum
1448 1817 1540 1882 pri-

102 1911 221 1941 mum
235 1930 247 1950 ,
274 1890 379 1940 tulit
397 1897 430 1939 ².

168 1968 398 2018 Addamus
423 1979 468 2016 et
490 1968 543 2017 de
564 1967 713 2025 Julia,
743 1969 938 2032 Augusti
946 1968 1070 2034 filia,
1100 1988 1196 2017 eam
1221 1970 1268 2017 in
1293 1989 1422 2019 causa
1448 1992 1539 2021 non

102 2046 239 2096 fuisse
253 2084 265 2107 ,
283 2066 362 2096 cur
377 2046 566 2096 Ovidius
583 2045 871 2110 relegaretur,
890 2047 1046 2095 exinde
1065 2046 1235 2114 liquere
1250 2086 1262 2106 ,
1285 2049 1403 2115 quod
1424 2050 1539 2117 ipse-

103 2137 194 2174 met
214 2137 421 2183 testetur,
447 2144 492 2174 se
515 2125 559 2173 in
582 2124 707 2174 illum
730 2144 902 2174 errorem
919 2165 931 2182 ,
963 2145 1039 2174 seu
1066 2126 1242 2193 culpam
1267 2127 1304 2174 ei
1325 2127 1540 2179 silendam

102 2204 334 2263 incidisse,
358 2222 452 2251 non
476 2223 612 2270 quum
629 2205 790 2271 juvem‘s
824 2217 960 2262 esset,
1000 2204 1077 2253 sed
1101 2205 1186 2253 sub
1222 2216 1406 2255 extrema
1441 2209 1539 2257 vitae

104 2294 324 2350 tempora,
343 2282 479 2330 immo
498 2294 606 2348 post
621 2284 771 2331 Artem
787 2284 1051 2333 Amatoriam
1065 2283 1150 2349 jam
1167 2284 1342 2333 editam.
1364 2286 1541 2335 Etenim

105 2379 242 2427 quum
264 2359 400 2408 Trist.
427 2357 507 2407 lib.
535 2360 602 2416 ll,
627 2377 736 2407 vers.
767 2376 790 2425 7
818 2371 862 2408 et
885 2360 941 2418 8,
968 2360 1180 2408 dixisset:

323 2457 492 2493 Carmina
508 2457 690 2501 fecerunt,
710 2464 748 2492 ut
764 2470 821 2493 me
840 2471 1026 2504 moresque
1046 2465 1177 2494 notaret

368 2519 449 2556 Jatn
467 2519 613 2555 demum
630 2524 706 2554 vfsa
723 2518 842 2554 Caesar
858 2520 899 2555 ab
913 2521 998 2556 Arte
1012 2535 1101 2556 mea.

108 2612 242 2667 atque
258 2620 284 2649 a
301 2618 411 2648 vers.
435 2617 495 2666 79
515 2599 765 2658 cecinisset,
786 2599 978 2666 priorem
999 2620 1087 2650 suae
1103 2601 1201 2650 vitae
1216 2614 1382 2668 partem
1403 2603 1543 2670 probe

149 2719 159 2740 ¹
189 2718 231 2753 ln
251 2716 370 2753 Ovidii
389 2718 485 2753 Vita.

152 2781 165 2799 ²
193 2778 283 2814 Vide
300 2778 408 2813 Dion.
425 2779 483 2814 lib.
501 2779 602 2823 LIV,
619 2792 693 2824 pag.
712 2782 775 2815 525
793 2786 829 2813 et
847 2777 920 2813 525.
