1794 3100
257 244 329 304 60,
776 244 1151 289 EXCURSUS

258 337 359 394 bat,
384 336 616 403 ipsumque
638 337 683 385 in
715 337 922 386 invidiam
949 350 1080 404 atque
1102 337 1250 386 odium
1274 336 1388 403 apud
1414 337 1666 401 Augustum

258 413 468 471 vocabat,
500 434 589 480 quo
610 414 774 463 diutius
784 415 935 463 Tomis
953 410 1219 464 exsulantem
1237 425 1552 472 remoraretur;
1572 426 1668 463 tum

261 490 352 554 ejus
376 510 555 539 uxorem
580 492 834 557 importune
856 491 1131 540 sollicitabat.
1164 494 1371 540 Praeterea
1396 491 1546 540 Ovidii
1572 490 1668 540 for-

260 568 381 617 tunis
410 569 609 626 inhians,
637 569 782 636 ipsum
804 569 859 618 ad
883 582 1115 618 extremam
1143 569 1335 636 inopiam
1364 569 1559 631 redigere
1589 586 1667 618 co-

259 646 458 694 nabatur.
490 648 634 695 Omne
656 658 804 695 votum
820 647 866 694 in
882 647 1111 714 suppliciis
1133 659 1176 696 et
1196 647 1414 695 mortibus
1431 684 1442 704 ‚
1464 658 1516 694 ut
1533 645 1669 694 modo

260 721 479 779 dicebam3
499 722 633 789 idque
657 722 911 771 Callimachi
927 723 1169 772 imitatione
1182 761 1193 780 ,
1220 724 1296 790 qui
1315 723 1360 770 in
1378 721 1670 788 Apollonium

260 799 486 848 Rhodium
498 837 509 859 ,
529 801 925 863 Argonauticorum
947 801 1202 867 scriptorem
1217 839 1228 858 ‚
1247 801 1387 848 Ibidis
1402 800 1580 848 nomine
1596 818 1672 847 no-

262 888 425 936 tatum,
457 877 654 926 libellum
692 878 891 944 scripsit,
924 878 978 926 de
1009 899 1096 945 quo
1123 878 1282 928 Suidas
1316 880 1363 927 in
1400 883 1668 942 Καλλίμαχος.

262 945 357 1005 ἐστι
389 959 431 1004 δὲ
457 962 602 1018 ποίημα
625 959 952 1018 ἐπιτετηδευμένον
988 962 1037 1010 εἷς
1063 963 1251 1021 ἀσάφειαν
1285 961 1347 1003 καὶ
1379 959 1596 1020 λοιδορίαν,
1620 962 1671 1010 εἴς

260 1054 340 1081 τινα
367 1027 464 1090 few,
495 1041 693 1096 γενόμενον
720 1038 852 1097 ἐχθρὸν
873 1042 938 1080 τοῦ
965 1037 1243 1095 Καλλιμάχου·
1269 1036 1315 1084 ἦν
1338 1035 1380 1079 δὲ
1404 1034 1517 1086 οὗτος
1542 1024 1674 1082 Ᾰπολ-

266 1117 422 1169 λώνιος,
447 1115 466 1157 ὁ
488 1117 640 1176 γράψας
665 1117 714 1159 τὰ
738 1104 1017 1175 Ᾱργοναυτικοὶ.
1047 1132 1068 1153 α
1087 1111 1170 1158 Est
1192 1122 1334 1158 autem
1356 1128 1513 1176 poema
1537 1110 1590 1158 de
1608 1110 1675 1158 in-

272 1213 296 1231 »
321 1189 488 1237 dustria
511 1189 805 1255 compositum
830 1189 1038 1245 obscure,
1065 1188 1293 1235 continens
1320 1186 1676 1236 contumeliosam

268 1290 292 1311 )›
321 1267 652 1316 insectationem
665 1268 712 1315 in
725 1267 954 1333 quemdam
976 1266 1075 1314 Ibin
1088 1303 1099 1323 ‚
1121 1266 1195 1332 qui
1209 1265 1350 1314 fuerat
1361 1265 1562 1314 inimicus
1575 1265 1677 1314 Cal-

270 1366 293 1389 »
320 1344 495 1394 limachi
516 1365 525 1392 :
547 1357 636 1393 erat
656 1355 802 1395 autem
824 1343 896 1390 hic
921 1343 1213 1409 Apollonius,
1233 1342 1308 1390 ille
1339 1342 1416 1409 qui
1441 1343 1677 1404 Argonau-

273 1444 296 1464 >›
325 1421 410 1470 tica
433 1422 619 1488 scripsit.
647 1444 668 1463 n
692 1422 839 1484 Quare
860 1421 1048 1486 dejerare
1070 1420 1209 1469 ausim
1232 1418 1487 1468 Callimachi
1506 1436 1678 1478 manes,
1717 1425 1719 1427 ’

270 1500 454 1548 eundem
475 1499 766 1566 Apollonium
788 1516 880 1546 esse
895 1535 907 1555 ‚
931 1516 1060 1563 quem
1084 1496 1158 1544 ille
1179 1497 1345 1562 hymno
1368 1502 1420 1550 εἷς
1440 1490 1676 1553 Ᾱπόλλωνα,
1714 1539 1719 1542 .

269 1578 409 1644 ipsam
426 1578 632 1627 invidiam
655 1581 862 1632 αὐξητικῶς
888 1574 1080 1642 appellat
1100 1575 1171 1623 his
1192 1576 1389 1624 versibus
1409 1596 1420 1624 :

473 1709 481 1720 .
561 1715 568 1727 ,
653 1708 662 1719 .
707 1716 714 1728 ,
867 1714 875 1725 ,
902 1706 912 1718 ‚
961 1713 979 1728 ,l
1097 1714 1105 1725 Ι
1235 1710 1251 1723 q,

462 1723 491 1753 Ο
509 1718 623 1765 φθονος
642 1715 840 1757 Απολλωνος
862 1728 904 1750 επ
938 1727 1045 1750 oua-roe
1065 1713 1198 1763 λαθριος
1220 1724 1324 1749 ειπεν·

458 1788 530 1823 Οὐκ
558 1786 691 1837 ἄγαμαι
711 1786 768 1823 τὸν
789 1784 903 1822 ἀοιδὸν
921 1811 932 1830 .,
968 1784 1006 1827 ὃς
1030 1778 1102 1821 οὐδ’
1123 1784 1189 1821 ὅσα
1206 1783 1330 1826 πόντος
1348 1783 1467 1820 ἀείδει.

457 1857 524 1895 Τὸν
547 1858 663 1907 φθόνον
679 1855 857 1895 (ότι-ἀλλων
877 1854 958 1894 ποδὶ
972 1852 1003 1893 τ’
1020 1856 1142 1895 ἤλασεν
1154 1881 1165 1901 ‚
1185 1852 1249 1892 ὦδι
1267 1851 1298 1891 τ’
1318 1854 1440 1891 ἔειπεν·

461 1921 628 1980 Ᾰσσυρίου
649 1932 819 1978 ποταμοῖο
848 1929 956 1978 μέγας
976 1927 1050 1979 ῥόος
1065 1952 1076 1973 ‚
1106 1926 1192 1961 ἄλλοι
1212 1926 1256 1963 τά
1274 1925 1384 1963 πολλὰ

461 2002 610 2050 Λύματοι
624 2006 686 2051 γῆς
701 2000 758 2036 καὶ
773 1997 896 2037 πολλόν
914 1992 963 2048 ἐφ’
977 1997 1077 2035 ὕδατι
1096 1997 1255 2048 συρφετὸν
1272 1997 1375 2032 ἕλκει.

448 2072 546 2111 ’Δηοῖ
568 2068 599 2108 δ’
618 2073 678 2108 οὐκ
694 2072 763 2108 ἀπὸ
784 2070 911 2114 παντὸς
930 2070 1020 2120 ὕδωρ
1040 2070 1197 2120 φορέουσι
1218 2068 1392 2105 Μέλισσαι
1406 2091 1417 2111 ,

466 2134 543 2179 Ᾰλλ’
564 2145 638 2185 ἥτις
656 2145 784 2194 καθαρή
806 2157 842 2180 τε
861 2141 920 2178 καὶ
935 2142 1132 2192 ἀχροὶαντος
1152 2140 1292 2190 ἀνέρπει
1309 2165 1321 2184 .,

467 2213 614 2256 Πέδακος
638 2215 672 2264 ἐξ
688 2215 778 2265 ἱερῆς
795 2213 892 2263 ὀλίγη
907 2213 1026 2255 στιὸὰς
1043 2239 1056 2260 ‚
1075 2212 1177 2263 ἄκρον
1198 2210 1318 2248 ἄωτον·

472 2290 581 2337 Χαῖρε
605 2285 703 2336 ἅναξ·
725 2286 742 2322 ὁ
762 2285 798 2323 δὲ
818 2290 945 2335 Μῶμος
958 2311 970 2332 .,
990 2278 1033 2320 ἵν’
1050 2283 1068 2320 ὁ
1085 2282 1221 2333 φθόρος,
1239 2281 1319 2319 ’ἔνθα
1333 2281 1454 2317 νέοιτο.

284 2404 412 2467 Quos
429 2423 563 2470 quum
575 2403 648 2452 alii
661 2402 843 2452 totidem
853 2402 1024 2452 Latinis
1039 2399 1349 2468 expresserint,
1370 2395 1475 2463 quid
1489 2394 1694 2462 impedit,

286 2483 520 2550 quominus
544 2495 588 2531 et
609 2501 692 2530 nos
712 2481 761 2529 id
783 2482 1032 2530 tentemus?
1051 2479 1271 2528 interdum
1295 2476 1409 2524 enim
1430 2474 1578 2524 Latias
1593 2475 1697 2522 Mu-

285 2577 355 2607 sas
377 2570 552 2607 nostras
574 2559 689 2606 inter
714 2558 889 2606 Graecas
911 2555 1121 2604 luxuriari
1145 2553 1354 2602 sinimus:

544 2690 648 2724 Livor
665 2689 864 2735 Apollineas
881 2689 1012 2747 occulte
1031 2687 1115 2723 dixit
1132 2687 1169 2721 in
1185 2698 1285 2720 aures
1300 2697 1308 2717 τ

547 2750 627 2785 Non
642 2749 751 2784 miror
766 2757 879 2785 vatem
890 2775 899 2793 ‚
921 2749 980 2793 qui
996 2761 1068 2783 non
1087 2746 1178 2782 canit
1195 2744 1340 2790 aequoris
1355 2743 1461 2778 instar
1475 2756 1484 2783 ;
