1794 3100
233 246 288 301 54
609 309 611 315 s
742 247 1131 292 Excmzsus

233 338 527 405 philosophiae
558 340 699 388 omnis
726 344 931 405 ἀφροδίτην
957 345 1017 388 καὶ
1043 350 1181 406 χάριτα
1209 359 1362 388 vocare
1394 359 1486 389 non
1521 340 1652 390 dubi-

234 415 365 471 tavit,
391 415 602 481 cujusque
622 417 912 466 eruditionem
936 419 1094 466 Petrus
1114 417 1313 467 Nannius
1336 417 1466 466 initio
1489 416 1568 465 lib.
1592 418 1648 475 V,

232 490 463 539 Miscellan.
484 492 654 555 magnis
670 492 876 543 laudibus
899 494 1094 551 extollit,
1120 494 1206 542 hoc
1227 492 1489 559 opusculum
1506 505 1651 543 extre·-

231 566 313 615 mis
327 567 477 631 digitis
493 569 650 631 attigit.
670 571 839 622 Deinde
862 572 1057 627 ,Iacobus
1074 571 1280 639 Micyllus
1294 570 1650 634 Argentinensis‚

233 658 436 695 accurato
460 647 527 695 vir
549 648 750 710 ingenio,
777 649 944 717 aliquas
965 651 1292 699 ohservationes
1317 649 1488 698 addidit
1505 686 1517 707 ,
1545 649 1654 715 qui-

228 722 315 771 bus
350 742 440 772 non
475 726 736 775 mediocrem
762 726 932 776 laudem
962 730 1133 781 meruit.
1175 730 1260 783 Hic
1296 728 1467 794 Micylli
1490 745 1654 777 nomen

231 802 432 860 retinuit,
459 803 578 870 quod
603 825 714 871 puer
735 807 842 854 scite
867 827 1097 874 personam
1121 808 1282 871 egisset
1305 807 1498 873 Micylli,
1521 806 1654 855 unius

232 900 282 928 ex
306 881 696 934 interlocutoribus
714 886 760 933 in
779 885 955 949 dialogo
979 887 1184 944 Luciani,
1210 887 1285 953 qui
1305 878 1462 952 ὄνειρος
1486 892 1511 939 ἢ
1532 877 1655 936 Ᾱλεκ-

229 963 352 1022 τρυὼν
369 960 646 1009 inscribitur:
667 962 986 1019 Ovidianorum
1005 976 1151 1012 autem
1171 983 1355 1030 operum
1377 965 1655 1016 recensione·‚

233 1048 275 1083 et
304 1037 433 1084 variis
464 1038 648 1085 Luciani
682 1037 814 1087 latine
851 1041 1042 1097 redditis
1061 1079 1072 1099 ,
1107 1053 1202 1090 tum
1224 1042 1375 1108 poesi,
1415 1053 1457 1089 et
1479 1041 1656 1089 duobus

235 1113 527 1162 arithmetices
559 1114 771 1176 logisticae
805 1115 952 1175 libris,
982 1117 1192 1184 exemplis
1211 1118 1449 1169 admodum
1470 1116 1657 1165 utilibus

231 1191 484 1250 illustratis,
510 1194 702 1242 nominis
723 1195 792 1243 sui
809 1195 940 1245 decus
960 1197 1014 1244 ad
1031 1209 1234 1263 posteros
1250 1197 1524 1263 propagavit.
1547 1195 1658 1243 Hei-

234 1268 448 1331 delbergae
475 1270 588 1318 obiit
611 1289 727 1319 anno
761 1271 881 1318 1558
901 1309 913 1328 ,
943 1271 1107 1320 relictis
1141 1273 1319 1320 duobus
1339 1272 1442 1319 filiis
1466 1270 1656 1336 disparis

234 1346 365 1394 sortis
382 1366 391 1393 :
409 1346 555 1400 Julius
569 1348 683 1395 enim
699 1347 979 1396 cancellarius
999 1348 1083 1396 fuit
1096 1348 1309 1398 Ludovici
1320 1386 1332 1406 ,
1350 1346 1554 1415 electoris
1574 1347 1659 1395 Pa-

235 1421 358 1477 latini
377 1442 386 1478 ;
413 1422 521 1474 alter
545 1443 647 1470 vero
671 1435 814 1472 sartor
835 1435 927 1472 erat
946 1423 1346 1487 Heidelbergensis.
1384 1425 1500 1490 Tum
1519 1423 1659 1470 Fran-

234 1498 376 1546 ciscus
398 1499 600 1548 Sanctius
619 1500 852 1549 Brocensis
870 1500 974 1549 huic
993 1501 1151 1549 chartae
1165 1500 1408 1567 impalluit,
1430 1512 1473 1548 et
1490 1497 1660 1565 aliquid

233 1575 280 1623 in
305 1594 397 1623 eam
419 1595 512 1624 non
535 1577 659 1642 parvi
680 1578 891 1626 momenti
914 1577 1114 1626 contulit.
1136 1578 1429 1627 Accesserunt
1453 1575 1658 1639 Gregorii

234 1654 490 1701 'Bersmanni
505 1692 517 1711 ,
537 1655 820 1703 Constantini
841 1656 1073 1712 Fanensis,
1089 1667 1132 1703 et
1151 1655 1353 1704 Herculis
1370 1654 1544 1704 Ciofani
1560 1652 1662 1702 Sul-

236 1733 460 1781 monensis
485 1733 672 1790 scholia3
698 1753 860 1800 eosque
887 1745 1062 1782 secutus
1083 1745 1151 1781 est
1172 1733 1367 1782 Didacus
1387 1732 1535 1781 Mexia
1553 1729 1662 1779 Ris-

236 1809 457 1876 palemis,
497 1810 574 1875 qui
601 1810 718 1876 apud
751 1810 1005 1860 Mexicanos
1045 1811 1182 1858 Indos
1213 1811 1297 1858 hoc
1334 1809 1584 1876 poemation
1615 1808 1660 1854 in

237 1888 480 1953 Hispanam
514 1886 709 1950 linguam
742 1888 962 1945 traduxit,
995 1900 1038 1935 et
1070 1888 1376 1936 annotationes
1409 1885 1663 1934 vernaculas

238 1963 419 2027 adjecit,
445 1963 585 2011 editas
612 1963 785 2029 Hispali
815 1983 929 2011 anno
962 1963 1082 2011 1608
1102 2002 1113 2021 ,
1152 1983 1261 2030 quas
1289 1955 1553 2012 humanitati
1588 1962 1663 2009 de-

238 2041 394 2089 bemus
411 2040 569 2088 Jacobi
583 2040 798 2096 Mantelli‚
809 2042 1001 2089 hominis
1016 2042 1231 2108 exquisita
1244 2040 1663 2090 doctrina.Vidimus

244 2131 287 2168 et
309 2137 407 2185 quae
439 2120 633 2167 Joannes
666 2119 930 2184 Grejonius,
958 2121 1150 2186 itemque
1184 2122 1382 2169 Jacohus
1414 2119 1662 2168 Andrevins

242 2195 454 2255 Lutetiae,
483 2215 643 2258 magno
668 2196 985 2262 discipulorum
1015 2197 1197 2263 plausu,
1224 2197 1409 2245 dictasse
1433 2195 1660 2252 feruntur3

242 2272 315 2321 hie
336 2291 452 2321 anno
482 2272 603 2334 1584
622 2310 634 2330 ,
666 2272 738 2321 ille
768 2273 882 2339 1571
922 2294 932 2321 :
959 2275 1034 2322 sed
1058 2275 1104 2322 in
1132 2275 1219 2323 illis
1242 2293 1387 2323 merus
1410 2272 1659 2327 Domitius,

244 2363 449 2415 practerea
461 2350 584 2399 nihil.
603 2352 834 2400 Postremo
846 2350 1046 2399 Valerius
1058 2353 1256 2401 Andreas
1269 2350 1508 2408 Desselius‚
1522 2349 1663 2416 pluri-

243 2446 314 2480 ma
327 2427 513 2476 lectione
526 2428 752 2485 exercitus,
763 2429 1158 2494 nonpoenitendam
1169 2448 1343 2495 operam
1354 2427 1401 2474 in
1414 2428 1494 2475 hac
1508 2428 1664 2492 Sparta

248 2505 439 2553 ornanda
465 2505 717 2563 collocavit,
743 2505 872 2554 editis
900 2526 1015 2554 anno
1050 2506 1171 2555 1618
1200 2504 1497 2572 locupletibus
1528 2503 1660 2552 notis.

245 2582 335 2629 Nec
366 2582 457 2630 sine
488 2582 663 2647 piaculo
683 2596 934 2650 praeteream
959 2585 1202 2632 Antonium
1225 2584 1413 2630 Urceum
1440 2580 1634 2628 Codrum
1650 2618 1662 2637 ,

245 2658 406 2706 Janum
430 2658 713 2708 Parrhasium
728 2698 739 2717 ,
770 2660 988 2722 Angelum
1013 2660 1305 2716 Pontianum,
1331 2659 1552 2707 Andream
1580 2655 1660 2704 Al-

248 2737 406 2785 ciatum
421 2775 433 2794 ,
454 2738 697 2804 Baptistam
717 2738 846 2786 Pium
860 2776 871 2798 ,
895 2738 1080 2787 Paulum
1097 2738 1398 2804 Leopardum‚
1421 2737 1662 2787 Adrianum
