1794 3100
434 243 528 287 DE
559 243 610 286 P.
647 241 911 286 OVIDIO
941 238 1241 285 NASONE.
1466 239 1552 284 335

124 335 234 395 bili,
254 335 332 402 qui
354 347 420 385 est
438 336 592 400 genius
611 335 891 385 Nasonianus
907 373 918 394 ,
942 334 1094 385 fabula
1116 333 1357 401 reponitur.
1383 356 1406 376 »
1438 334 1553 382 Vide

127 426 169 463 et
188 413 244 464 ad
266 413 348 463 lib.
369 415 438 462 ΙΙΙ
453 452 465 472 ,
490 431 599 480 290.

190 500 334 557 IDEM,
350 498 407 547 ad
420 497 499 548 lib.
522 500 614 558 111,
640 515 730 565 192
745 511 755 546 ἐ
778 520 800 541 «
820 499 874 546 In
888 496 1058 546 Niobes
1071 495 1445 563 magniloquentia
1461 515 1558 563 poe—

126 575 269 643 naque
285 574 585 626 describendis
599 613 610 634 ‚
637 575 831 643 seipsum
850 574 955 623 vicit
973 573 1184 631 Ovidius,
1203 593 1334 640 quem
1356 574 1558 640 suspicor

127 672 217 702 non
251 651 467 720 pauca-'ex
490 653 668 716 tragicis
702 651 937 711 sumsisse,
969 650 1101 698 hodie
1129 669 1221 698 non
1252 650 1525 699 exstantibus
1545 689 1557 709 ‚

127 747 285 793 magna
308 725 408 778 cum
430 741 583 779 nostra
606 728 815 778 dolentia.
842 750 865 771 »

129 823 134 828 “
174 813 267 862 xAd
289 813 366 862 lib.
393 815 477 874 IV,
503 813 596 881 756
618 833 628 862 ε
653 836 675 856 «
700 812 893 862 Librarii
910 830 1004 859 non
1026 809 1171 859 solum
1191 807 1469 872 tautologum
1487 809 1558 858 se-

131 903 288 941 cerunt
310 891 522 941 Ovidium
537 930 549 951 ‚
575 892 652 942 sed
675 891 918 957 majoribus
941 889 1070 938 dictis
1088 888 1236 954 inepte
1254 887 1426 935 minora
1449 886 1561 935 sub-

131 968 233 1017 dere
245 969 442 1019 fecerunt
460 971 670 1020 Ovidium
682 1008 694 1028 ‚
714 981 888 1037 poetam
911 967 1232 1024 cautissimum,
1253 976 1297 1014 et
1312 963 1396 1013 alia
1414 964 1562 1013 omnia

131 1049 282 1114 potius
306 1068 437 1116 quam
459 1049 713 1113 tautologiae
736 1061 886 1097 notam
913 1047 1131 1096 meritum.
1158 1068 1181 1088 n

197 1134 269 1183 Ad
286 1133 366 1184 lib.
387 1136 443 1194 V,
465 1133 556 1201 367
581 1155 591 1182 ε
619 1157 642 1178 «
664 1133 843 1198 Virgilii
864 1131 1068 1196 gravitati
1086 1130 1124 1179 si
1141 1128 1394 1178 facilitatem
1413 1128 1566 1179 Ovidii

132 1212 519 1281 incomparabilem
555 1211 885 1280 composueris,
919 1208 1150 1258 ‘miraberis
1180 1207 1564 1271 ingeniosissimo-

132 1309 231 1339 rum
254 1290 486 1339 hominum
509 1288 815 1338 differentiam.
842 1287 1055 1354 Papinius
1078 1286 1134 1334 ad
1159 1305 1235 1334 eos
1256 1282 1383 1332 nihil.
1409 1306 1433 1326 »

196 1376 312 1425 Ibid.
338 1377 392 1434 V,
421 1374 510 1437 481
538 1395 548 1423 ι
572 1397 594 1418 «
622 1374 735 1438 Quae
758 1371 970 1421 divinitus
994 1370 1110 1418 dicta
1133 1379 1262 1425 sunt,
1291 1386 1370 1416 nec
1390 1386 1474 1434 ope
1497 1366 1565 1415 ul-

132 1453 218 1504 lius
241 1454 407 1518 ingenii
428 1453 611 1502 humani
634 1452 730 1500 fieri
751 1461 942 1519 possunt
962 1447 1281 1517 praestantiora.
1312 1467 1335 1488 »
1483 1466 1486 1468 ·

197 1538 270 1587 Ad
290 1537 369 1587 lib.
389 1538 452 1585 Vl
470 1575 483 1596 ‚
507 1534 601 1585 536
623 1555 635 1586 ε
662 1558 685 1578 «
705 1536 759 1583 In
777 1532 1074 1600 descriptione
1091 1549 1254 1599 pugnae
1276 1528 1567 1596 Lapitharum

135 1634 234 1664 cum
257 1614 513 1674 Centauris,
533 1609 840 1663 inventionum
862 1611 988 1679 copia
1002 1650 1014 1671 ,
1042 1622 1086 1659 et
1109 1608 1327 1659 sermonis
1347 1607 1479 1656 nitidi
1499 1626 1567 1655 ce-

135 1692 304 1743 leritate
329 1693 524 1760 seipsum
546 1692 782 1759 superavit.
812 1714 835 1734 »

199 1777 273 1826 Ad
295 1776 379 1826 lib.
403 1778 495 1835 XI,
523 1778 584 1839 [42
605 1796 614 1824 :
633 1799 656 1819 «
679 1775 868 1824 Ovidius
886 1791 1013 1822 verus
1025 1770 1187 1820 Phoebi
1200 1768 1312 1829 olor,
1335 1788 1425 1836 quo
1440 1788 1568 1817 nemo

137 1857 338 1914 suavius,
357 1868 428 1915 et,
452 1868 503 1905 ut
526 1857 589 1905 ita
610 1855 789 1923 loquar,
816 1852 1094 1922 penetrantius
1111 1869 1307 1917 unquam
1326 1848 1570 1897 infortunia

124 1955 235 1994 sua,
259 1935 326 1984 vel
350 1935 491 1985 aliena
516 1935 758 2002 dequestus
784 1946 864 1983 est.
889 1934 950 1981 Et
976 1931 1099 1980 omni
1126 1929 1275 1996 lapide
1304 1927 1458 1976 durior
1486 1927 1573 1976 suit

139 2015 332 2078 Augusti
348 2013 517 2062 animus
529 2051 540 2071 ‚
559 2013 660 2080 qui,
679 2012 715 2061 si
728 2031 819 2060 non
834 2009 963 2078 plane
982 2008 1234 2058 condonare
1248 2045 1260 2065 ‚
1282 2005 1404 2073 quod
1419 2005 1574 2072 utique

141 2104 185 2141 et
197 2103 374 2159 poterat
392 2103 437 2140 et
454 2091 643 2139 debebat
655 2129 666 2148 ‚
685 2089 855 2158 culpam
868 2127 880 2147 ,
899 2089 1122 2137 remittere
1139 2098 1283 2136 tamen
1298 2083 1440 2133 exsilii
1454 2095 1574 2132 atro-

142 2169 316 2218 citatem
330 2187 422 2216 uno
441 2167 578 2216 verbo
597 2167 812 2225 debebat,
837 2164 1058 2232 illiquenti
1076 2176 1166 2213 tam
1183 2161 1389 2225 ingenuis
1409 2159 1573 2209 lamen—

140 2244 390 2294 tationibus
414 2256 538 2293 tanto
564 2243 758 2306 ingenio.
785 2265 807 2286 »

209 2329 325 2377 lbid.
367 2329 462 2391 400
494 2349 503 2376 :
540 2350 562 2371 «
589 2329 746 2390 Longa
781 2326 891 2376 serie
915 2345 984 2376 res
1016 2326 1082 2375 ibi
1123 2338 1348 2383 narratur,
1375 2321 1574 2372 versibus

146 2406 274 2474 plane
295 2409 532 2456 Musarum
559 2405 872 2472 manuscriptis
888 2442 899 2463 ‚
922 2416 967 2454 et
990 2423 1065 2453 ore
1089 2402 1308 2462 canendis.
1339 2423 1362 2443 »

212 2492 365 2547 IDEM,
394 2491 580 2539 Advers.
615 2501 734 2537 LVIII
754 2525 766 2546 ‚
801 2507 894 2554 cap.
922 2505 978 2554 9,
1017 2486 1126 2534 dicit
1152 2508 1173 2528 «
1204 2486 1456 2533 universum
1486 2481 1577 2548 ejus

148 2587 262 2635 opus
285 2569 537 2633 (Metam.)
557 2566 784 2631 ingenium
797 2566 948 2634 potius
964 2565 1125 2614 referre
1146 2581 1278 2630 quam
1295 2580 1464 2620 curam,
1489 2579 1577 2626 quo

147 2646 247 2714 ipso
268 2645 399 2709 longe
424 2648 613 2695 Marone
635 2658 702 2694 est
724 2643 919 2693 inferior.
948 2666 972 2687 2»
996 2639 1109 2691 Vide
1130 2640 1312 2708 reliqua.

216 2732 475 2779 MANUTIUS
491 2769 504 2789 ‚
529 2730 585 2778 ad
610 2729 751 2777 Cicer.
779 2727 857 2775 lib.
879 2729 942 2775 IV
962 2726 1007 2774 in
1029 2727 1155 2774 Verr.
1182 2745 1276 2792 cap.
1299 2724 1359 2785 48
1391 2744 1399 2770 t
1430 2747 1452 2767 «
1476 2721 1576 2771 Ele-
