1794 3100
715 233 917 279 VITA.
1473 232 1531 276 85

96 326 272 376 fuerant
294 336 395 375 ante
419 324 627 392 plurimis
656 322 894 390 exemplis,
932 303 1117 371 omnino
1143 320 1313 371 aboleri
1336 341 1429 371 non
1451 341 1533 390 po-

99 413 280 470 tuerunt
303 422 314 452 :
338 413 575 471 propterea
599 401 662 450 sic
681 401 778 467 ipse
802 400 948 467 primo
970 399 1023 448 de
1041 399 1178 448 Trist.
1201 398 1324 464 Eleg.
1348 412 1426 459 Vl,
1448 400 1531 449 ait:

317 501 428 547 Grata
444 508 504 537 tua
519 508 572 537 est
587 500 696 547 pietas
712 514 721 542 ;
739 499 801 535 sed
817 498 975 535 carmina
993 500 1108 545 major
1121 484 1240 546 imago=

303 562 305 564 ’
358 563 454 598 Sunt
471 575 551 598 mea
565 589 575 607 ,
592 575 670 608 quae
689 562 820 597 mando
837 561 1105 607 qualiacumque
1123 562 1214 608 legas
1226 587 1236 606 ,

320 623 492 661 Carmina
507 631 660 660 mutatas
673 623 861 659 hominum
879 622 1031 659 dicentia
1046 622 1197 658 formas:

361 685 491 722 Infelix
506 685 643 721 domini
658 684 753 731 quod
769 684 851 731 fuga
865 683 960 730 rupit
975 696 1072 730 opus.

317 747 405 783 Haec
420 759 487 793 ego
501 745 683 782 discedens
694 772 704 790 ,
720 746 808 781 sicut
826 746 917 781 bene
933 744 1043 780 multa
1058 756 1222 779 meorum
1235 769 1245 788 ,

361 792 439 855 lpse
459 821 538 844 mea
553 808 653 854 posui
670 814 813 843 rnoestus
827 807 866 842 in
881 807 962 853 igne
979 819 1100 842 manu.

274 887 276 889 ·
317 869 441 916 thue
458 881 750 905 cremassessuum
766 869 883 904 fertur
895 868 960 904 sub
971 867 1086 914 stipite
1103 874 1228 904 natum

361 931 521 967 Thestias
532 958 541 975 ,
560 938 596 966 et
613 931 740 966 melior
754 937 867 966 matre
883 930 990 966 fuisse
1009 942 1132 973 soror;

316 991 375 1028 Sic
390 1005 458 1038 ego
473 1005 546 1027 non
567 992 712 1028 meritos
723 1020 731 1034 ‚
750 1005 893 1028 mecum
913 991 1087 1038 peritura,
1104 990 1235 1029 libellos

357 1053 514 1099 Imposui
531 1053 680 1099 rapidis,
698 1053 829 1089 viscera
845 1061 964 1089 nostra
976 1081 985 1098 ,
1003 1054 1095 1100 rogis
1113 1067 1121 1088 :

315 1112 384 1148 Vel
399 1113 494 1159 quod
511 1127 610 1149 eram
629 1115 751 1151 Musas
763 1142 772 1158 ,
792 1122 831 1150 ut
849 1115 996 1151 crimina
1012 1123 1132 1151 nostra
1144 1141 1154 1160 ,
1172 1127 1336 1161 perosus;

357 1175 426 1209 Vel
443 1175 537 1220 quod
556 1175 671 1211 adhuc
687 1190 844 1212 crescens
862 1184 898 1212 et
913 1177 1003 1212 rude
1018 1189 1162 1213 carmen
1179 1183 1265 1212 erat.

317 1233 411 1280 Quae
428 1236 597 1280 quoniam
616 1250 689 1271 non
707 1245 791 1272 sunt
809 1239 949 1282 penitus
964 1238 1098 1274 sublata
1112 1264 1121 1282 ‚
1140 1238 1201 1274 sed
1218 1243 1373 1282 exstant,

358 1295 524 1331 Pluribus
539 1297 705 1342 exemplis
723 1298 850 1343 scripta
870 1297 974 1334 fuisse
993 1311 1086 1333 reor.

315 1356 422 1392 Nunc
439 1369 584 1402 precor,
606 1365 645 1393 ut
661 1358 803 1401 vivant3
821 1365 858 1393 et
877 1371 950 1393 non
969 1359 1093 1404 ignava
1112 1358 1293 1405 legentum

361 1416 446 1453 Otia
463 1417 662 1463 delectent,
681 1419 965 1466 admoneantque
982 1421 1065 1456 mei.

315 1477 399 1513 Non
418 1485 539 1514 tamen
556 1479 612 1514 illa
628 1478 695 1526 legi
712 1488 880 1526 poterunt
898 1481 1075 1528 patienter
1089 1481 1132 1517 ab
1147 1481 1220 1517 ullo
1237 1508 1247 1528 ‚

358 1540 499 1576 Nesciat
513 1540 566 1576 his
581 1554 758 1577 summam
776 1543 804 1578 si
821 1543 897 1589 quis
914 1544 1030 1579 abesse
1047 1556 1206 1578 manum.

315 1600 485 1641 Ablatum
502 1602 627 1638 mediis
644 1616 731 1649 opus
747 1610 800 1638 est
814 1603 1001 1639 incudibus
1015 1603 1100 1639 illud
1117 1619 1126 1648 3

361 1661 489 1699 Defuit
506 1670 543 1699 et
558 1664 694 1710 scriptis
710 1666 835 1700 ultima
853 1665 936 1701 lima
957 1666 1054 1701 meis.

315 1722 363 1759 Et
377 1724 522 1762 veniam,
540 1738 604 1771 pro
624 1726 727 1762 laude
749 1734 832 1774 peto
849 1740 858 1761 ε
874 1728 1033 1763 laudatus
1049 1728 1188 1764 abunde
1199 1755 1208 1772 ,

355 1786 437 1821 Non
458 1785 629 1823 fastiditus
643 1787 672 1822 si
691 1788 773 1833 tibi,
795 1789 906 1824 lector
918 1816 928 1834 ,
946 1802 1019 1825 ero.

317 1847 396 1883 Hos
410 1861 550 1895 quoque
566 1863 626 1884 sex
641 1862 759 1885 versus
774 1850 812 1885 in
829 1851 943 1897 prima
958 1850 1075 1886 fronte
1091 1851 1218 1897 libelli,

358 1909 398 1945 Si
413 1911 670 1957 praeponendos
684 1925 757 1948 esse
774 1913 929 1959 putabis,
947 1913 1035 1949 habe
1053 1927 1061 1948 ε

314 1970 427 2007 ORBA
442 1979 587 2018 parente
603 1986 667 2008 suo
687 1973 900 2020 quicumque
922 1974 1101 2010 volumina
1118 1974 1229 2022 tangis
1245 2001 1254 2020 ,

357 2032 424 2068 His
439 2033 562 2069 saltem
582 2041 696 2071 vestra
712 2035 818 2071 detur
831 2036 870 2071 in
886 2036 972 2072 urbe
992 2036 1098 2072 locus.
1296 2028 1299 2029 ⁷

318 2092 474 2140 Quoque
490 2095 600 2142 magis
619 2095 733 2132 faveas
744 2123 754 2142 ,
772 2110 845 2132 non
861 2105 944 2132 sunt
959 2096 1033 2134 haec
1049 2097 1142 2134 edita
1158 2098 1199 2133 ab
1216 2098 1290 2144 ipso
1302 2125 1312 2143 ,

361 2155 432 2191 Sed
449 2157 545 2202 quasi
561 2157 604 2193 de
619 2157 756 2194 domini
770 2158 895 2195 sunere
910 2167 1010 2206 rapta
1025 2159 1089 2194 sui.

317 2215 503 2263 Quidquid
518 2218 555 2253 in
572 2219 625 2255 his
640 2220 747 2267 igitur
762 2221 836 2256 vitii
851 2220 942 2256 'rude
959 2234 1102 2256 carmen
1120 2220 1262 2257 habebit
1273 2248 1283 2266 ,

362 2277 642 2325 Emendaturus,
658 2281 686 2316 si
700 2281 869 2326 licuisset,
887 2295 996 2318 eram.

97 2360 208 2408 Item
229 2358 277 2407 in
299 2359 393 2418 III,
417 2357 543 2422 Eleg.
569 2371 654 2407 xlv
674 2379 685 2408 :

318 2458 413 2494 Sunt
427 2471 566 2504 quoque
582 2465 726 2495 mutatae
741 2465 796 2495 ter
811 2460 967 2506 quinque
981 2460 1162 2496 volumina
1177 2460 1302 2496 formae
1321 2487 1330 2505 ‚

362 2519 533 2557 Carmina
550 2521 593 2556 de
610 2520 748 2556 domini
763 2521 891 2558 sunere
907 2530 1004 2569 rapta
1023 2523 1088 2558 sui.

314 2581 407 2618 Illud
423 2595 510 2628 opus
525 2583 660 2629 potuit,
677 2583 705 2618 si
722 2595 795 2618 nou
811 2583 907 2630 prius
922 2584 994 2630 ipse
1011 2587 1178 2630 perissem
1189 2611 1198 2629 ‚

363 2642 505 2679 Certius
520 2657 540 2680 a
554 2657 692 2680 summa
708 2657 842 2680 nomen
858 2644 987 2680 habere
1003 2658 1124 2680 manu.

317 2705 423 2742 Nunc
436 2705 674 2742 incorrectum
689 2706 809 2752 populi
824 2707 985 2752 pervenit
1001 2707 1038 2742 in
1052 2720 1113 2742 ora
1126 2734 1136 2751 ,

360 2767 404 2805 Iu
420 2767 540 2814 populi
555 2767 749 2815 quidquam
765 2767 793 2804 si
809 2774 928 2804 tamen
945 2781 1006 2804 ore
1022 2780 1145 2804 meum
1159 2774 1221 2805 est.
