1794 3100
595 230 725 274 PER
758 231 801 274 J.
838 230 1177 275 MASSON.-
1514 250 1596 295 ¹99

155 335 484 380 nonnosum
525 329 535 349 ¹
573 322 746 383 libros,
790 324 990 374 nondum
1020 324 1177 374 ultima
1214 323 1320 373 lima
1345 326 1565 392 perfectos
1585 364 1597 386 ‚

155 403 358 471 aliosque
381 423 461 454 sua
480 423 614 453 manu
637 403 792 471 posuit
806 416 991 453 moestus
1008 405 1053 453 in
1075 405 1175 468 igne
1194 425 1203 463 ;
1230 404 1353 471 quod
1371 405 1469 454 fuse
1491 426 1599 473 pro-

156 485 380 550 sequitur,
403 483 540 533 Trist.
567 483 646 532 lib.
672 485 715 542 I,
740 482 866 546 Eleg.
904 496 957 531 VI
981 483 1035 532 ad
1060 484 1267 534 Amicum
1284 522 1296 543 ‚
1337 484 1413 552 qui
1443 485 1597 534 Nostri

155 560 344 626 effigiem
364 562 411 610 in
432 581 541 611 auro
567 561 765 621 colebat,
790 581 900 611 vers.
932 580 951 609 1
967 580 983 609 1
1013 582 1097 628 sqq
1118 583 1128 610 ε

376 661 487 698 Grata
503 669 564 698 tua
581 669 634 698 est
649 662 780 708 pietas:
795 662 855 698 sed
871 665 1024 697 cat-mina
1039 656 1154 707 major.
1167 665 1280 708 imago

420 724 516 760 Sunt
534 710 614 759 mea
628 737 637 766 3
658 736 736 769 quae
751 723 884 758 mando
901 723 1166 769 qualiacumque
1183 723 1274 770 legas
1288 736 1297 764 ς

373 783 544 821 Carmina
560 791 710 819 mutatas
727 784 916 818 hominum
936 782 1089 819 dicentia
1094 783 1231 828 formas
1247 795 1259 826 ,·

418 845 547 882 Infelix
564 845 700 881 domini
717 845 810 892 quod
818 845 910 893 fitga
926 848 1016 891 rupit
1029 858 1125 890 opus.

377 907 466 942 Haec
481 920 546 953 ego
562 909 757 948 discedens,
780 908 868 943 sicut
884 910 964 942 bene
980 909 1086 942 multa
1100 909 1115 927 ²
1132 919 1276 941 meorum
1286 934 1294 947 ,

422 967 499 1013 Ipse
515 980 596 1002 mea
606 971 709 1012 posui
722 974 866 1003 moestus
881 971 917 1002 in
932 971 1011 1013 lgrne
1025 980 1133 1002 manu
1149 994 1157 1010 ‚
1176 974 1241 1002 etc.

378 1028 447 1063 Vel
463 1028 558 1074 quod
574 1041 672 1063 eram
691 1029 812 1063 Musas
825 1055 835 1072 ‚
851 1035 892 1064 ut
907 1028 1056 1069 crimina
1073 1035 1194 1064 nostra
1205 1055 1215 1071 ‚
1238 1040 1382 1073 perosus
1399 1041 1408 1069 ;

421 1088 490 1124 Vel
505 1088 599 1134 quod
617 1088 732 1124 adhuc
748 1102 902 1124 crescens
918 1096 954 1124 et
969 1089 1058 1124 rude
1074 1102 1207 1124 carmen
1221 1096 1307 1124 erat.

159 1166 312 1236 Quum
342 1178 487 1215 tamen
515 1167 605 1232 jam
627 1167 748 1216 illius
773 1168 1191 1217 transmutationum
1217 1166 1362 1236 operis
1388 1167 1597 1217 distracta

156 1256 304 1295 essent
324 1244 522 1312 exempla
534 1283 546 1303 ‚
569 1245 719 1294 noluit
735 1259 891 1313 postea
913 1248 1057 1305 Naso,
1075 1247 1155 1295 ubi
1174 1247 1367 1313 primum
1386 1248 1433 1295 in
1451 1247 1594 1296 exsilii

156 1321 259 1371 loco
283 1322 395 1382 fuit,
418 1323 465 1371 id
488 1323 675 1391 periret,
702 1336 835 1392 atque
866 1336 918 1373 ut
942 1324 1126 1373 omnino
1149 1324 1402 1387 vulgaretur
1423 1325 1593 1374 veniam

155 1399 237 1449 hac
262 1399 419 1464 Elegia
445 1399 581 1450 dedit.
609 1401 763 1465 Pergit
785 1401 902 1450 enim
923 1422 933 1450 ε

384 1498 478 1545 Quae
494 1500 662 1546 quoniam
680 1513 755 1535 non
770 1508 852 1536 sunt
861 1505 998 1546 pem'lus
1012 1503 1149 1536 sublata
1161 1528 1169 1542 ‚
1188 1500 1248 1535 sed
1264 1507 1425 1542 exstant,-

420 1558 585 1594 Pluribus
598 1562 761 1604 exemplis
775 1562 904 1604 scripta
918 1558 1024 1594 fuisse
1042 1570 1135 1593 reor.

373 1614 479 1652 Nunc
496 1628 622 1661 precor
637 1623 676 1650 ut
692 1616 812 1650 vivant
826 1642 835 1659 ,
852 1623 887 1650 et
903 1628 976 1651 non
995 1616 1119 1663 ignava
1135 1616 1311 1663 legentem

421 1672 506 1708 Otia
523 1666 720 1715 delectent,
742 1673 1027 1719 admoneantque
1045 1676 1139 1717 mei,
1157 1681 1222 1709 etc.

153 1749 276 1815 Idem
293 1769 409 1818 opus
428 1763 471 1800 et
482 1750 618 1800 Trist.
636 1750 715 1799 lib.
740 1753 784 1800 Il
803 1752 858 1819 ad
876 1752 1129 1815 Augustum
1145 1790 1157 1810 ‚
1180 1772 1259 1800 ceu
1278 1752 1477 1801 nondum
1492 1772 1588 1801 om-

155 1827 264 1876 nino
283 1826 484 1877 limatum
506 1841 744 1887 memorat,
769 1843 879 1878 vers.
906 1828 1084 1878 63-66:

374 1927 509 1973 Inspice
526 1928 641 1974 majus
657 1940 761 1974 opus,
782 1928 873 1974 quod
892 1928 1005 1974 adhuc
1020 1928 1094 1963 sine
1116 1928 1186 1962 fine
1204 1928 1329 1974 reliqui
1346 1955 1356 1971 ‚

420 1987 463 2022 In
478 1998 552 2020 non
570 1984 766 2021 credendos
780 1999 926 2032 corpora
943 1999 1041 2022 versa
1062 1986 1186 2021 modos
1201 2000 1209 2028 ;

379 2042 544 2078 Invenies
558 2043 664 2078 vestri
684 2043 857 2088 praeconia
872 2042 1026 2077 nominis
1045 2042 1130 2087 illic,
1150 2049 1214 2078 etc.

159 2131 203 2168 et
224 2138 334 2169 vers.
363 2119 578 2169 555-562
597 2142 608 2170 ε

375 2209 548 2256 Dictaque
564 2217 647 2245 sunt
659 2210 775 2254 nobis,
794 2210 951 2256 quamvis
968 2223 1095 2245 manus
1114 2209 1237 2244 ultima
1254 2217 1368 2256 coepto

422 2264 566 2310 Defuit,
586 2265 624 2300 in
639 2265 744 2301 facies
759 2279 906 2312 corpora
923 2279 1022 2302 versa
1037 2279 1143 2301 novas
1155 2292 1165 2310 ‚
1183 2274 1248 2302 etc.

199 2363 211 2383 ¹
238 2360 628 2403 Mnumonpnosnon,
646 2372 722 2395 non
748 2373 832 2396 vero
857 2361 1221 2397 qumonpnosnos
1240 2361 1343 2396 titulo
1360 2361 1463 2396 hosce
1487 2361 1592 2398 libros

156 2429 229 2453 esse
243 2416 486 2453 inscribendos
498 2443 508 2460 ,
525 2416 566 2452 cl.
585 2415 697 2452 Nicol.
715 2417 884 2452 Heinsius
900 2430 942 2452 ex
957 2417 1163 2453 melioribus
1180 2417 1277 2453 MSS
1294 2417 1370 2452 cod.
1387 2418 1571 2453 contendit
1584 2446 1595 2464 ,

156 2473 261 2509 simul
286 2473 482 2518 adnotans,
511 2473 702 2520 genuinam
719 2472 824 2519 hujus
849 2474 1019 2520 poematis
1047 2474 1312 2521 inscriptionem
1340 2482 1471 2510 exstare
1499 2476 1593 2523 apud

156 2531 316 2565 Senecam
341 2536 478 2575 patrem
500 2529 594 2576 Epit.
617 2528 788 2564 controv.
804 2529 861 2565 lib.
881 2530 936 2566 111
950 2557 960 2574 ,
978 2544 1049 2577 cap.
1070 2545 1107 2576 7,
1127 2538 1162 2566 et
1184 2531 1275 2577 apud
1302 2531 1413 2566 filium
1435 2532 1470 2567 in
1495 2533 1592 2578 Apo-

84 2634 86 2636 r
155 2585 389 2634 colocyntosi,
414 2586 676 2622 Tertullianum
702 2586 834 2622 advers.
862 2587 1157 2632 Valentinianos,
1186 2588 1438 2634 Fulgentium,
1460 2588 1515 2624 lib.
1536 2588 1591 2623 111

157 2643 390 2693 Mythologici
406 2670 415 2689 ,
435 2645 599 2690 Servium
616 2658 654 2681 ac
673 2644 894 2681 Priscianum
910 2658 999 2691 saepe
1013 2671 1022 2689 ‚
1041 2652 1105 2680 etc.

203 2706 219 2726 ²
241 2705 349 2741 Trist.
367 2705 426 2741 lib.
445 2705 512 2750 IV,
534 2705 632 2753 Eleg.
651 2717 672 2740 x
686 2733 695 2750 ‚
714 2719 802 2741 vers.
820 2706 862 2740 63
881 2713 917 2741 et
928 2706 972 2750 64
998 2719 1006 2740 :
1026 2721 1043 2737 «ι
1062 2706 1158 2741 Tum
1176 2719 1336 2753 quoque,
1356 2720 1468 2752 quum
1484 2706 1595 2752 fuge-

159 2772 235 2796 rem
249 2787 259 2806 ,
284 2761 443 2807 quaedam
460 2762 628 2808 placitura
646 2762 798 2798 cremavi
812 2788 822 2806 ‚
842 2762 955 2797 Iratus
970 2762 1085 2797 studio
1102 2763 1382 2808 carminibusque
1400 2762 1498 2798 meis.
1509 2777 1527 2793 υ
