1794 3100
544 262 675 307 PER
708 264 751 306 J.
788 263 1105 315 MASSVON.
1465 265 1543 326 ¹47

117 384 143 408 »ι
169 361 371 418 diorum,
397 369 762 408 testamentorum
783 370 1039 425 ruptorum,
1063 369 1140 406 aut
1168 368 1390 416 ratorum,
1421 371 1548 408 caete-

115 461 140 484 a»
166 454 404 505 rarumque
424 455 570 486 rerum
595 435 947 485 innumerabilia
956 437 1053 501 jura
1077 448 1329 494 versantur,
1350 448 1430 484 etc.
1458 460 1481 480 »

667 552 1010 566 §mmmm

235 650 347 686 Anno
369 656 450 685 ante
470 648 511 684 C.
530 659 597 691 xv;
615 648 663 683 U.
683 647 724 683 C.
747 657 955 690 nccxxxlx3
981 646 1120 692 Ovidii,
1147 659 1266 683 xxvm
1281 656 1316 684 et
1332 660 1431 684 xxlx.

204 745 260 781 Μ.
283 743 460 781 DRUSO
486 742 695 787 LIBONE,
721 742 760 777 L
787 740 1085 778 CALPURNIO
1111 741 1298 778 PISONE
1324 742 1462 780 Coss.

182 842 218 890 I.
248 840 325 890 AD
342 840 431 889 hoc
448 851 624 905 tempus
644 837 821 902 alligare
839 838 943 886 hcet
961 839 1112 886 Amor
1135 837 1212 886 lib.
1235 840 1285 897 Ι,
1309 839 1434 903 Eleg.
1456 854 1556 898 XIV,

117 937 228 968 vers.
255 917 338 981 45,
365 938 451 985 qua
477 918 626 966 canit:

339 1017 445 1053 Nunc
461 1023 487 1052 tu
478 1017 523 1052 'bi
542 1020 694 1062 captivos
711 1016 830 1051 mittet
850 1017 1035 1051 Germania
1049 1017 1187 1052 crines:

388 1078 496 1114 Culta
514 1080 725 1123 triumphalae
742 1091 891 1112 munere
906 1081 1018 1122 gentis·
1034 1078 1112 1113 eris.

339 1137 375 1175 Ο
392 1152 497 1184 quam
514 1152 603 1184 saepe
614 1166 623 1182 ,
641 1152 758 1174 comas
775 1138 889 1183 a!iquo
903 1139 1055 1173 mirante
1067 1165 1076 1181 ‚
1094 1138 1252 1174 rubebis!

386 1201 434 1238 Et
450 1201 563 1236 dices:
581 1208 676 1235 emta
694 1214 790 1236 nunc
805 1214 871 1247 ego
888 1213 1003 1236 merce
1019 1201 1151 1246 probor
1165 1215 1174 1242 ;

343 1264 472 1301 Nescio
488 1276 594 1309 quam
611 1276 675 1309 pro
692 1276 751 1297 me
770 1262 887 1297 laudat
905 1275 1002 1296 nunc
1017 1263 1091 1308 ipse>
1107 1264 1323 1297 St'cambram.

123 1344 329 1403 Etenim,
354 1343 502 1392 Dione
527 1352 638 1390 teste
666 1346 676 1365 ¹
691 1379 702 1396 ‚
719 1340 954 1389 'maximum
979 1340 1175 1388 bellorum
1191 1380 1201 1397 ,
1233 1361 1325 1408 quoe
1355 1353 1449 1391 tunc
1468 1346 1565 1394 Ro-

124 1421 256 1471 manis
291 1419 598 1486 contingebant,
633 1428 772 1466 contra
800 1417 1217 1483 GERMANOSfiebat
1230 1458 1240 1473 ,
1271 1418 1405 1485 idque
1433 1421 1564 1487 {osum

125 1501 367 1565 Augustum
394 1496 492 1545 urbe
515 1494 723 1550 extraxit,
765 1493 1054 1551 SicAlleRIs,
1085 1493 1307 1560 Usipetis'‚
1333 1507 1414 1543 etc.
1449 1517 1565 1547 arma

125 1573 424 1624 moventibus·
449 1573 703 1636 Aug-ustum
726 1589 829 1619 vero
853 1589 946 1617 non
961 1570 1048 1619 nisi
1071 1581 1176 1636 post
1199 1571 1398 1620 Actiacos
1415 1573 1559 1630 ludos,

125 1670 179 1700 ac
201 1649 388 1718 proinde
413 1661 521 1716 post
544 1666 572 1695 2
597 1647 824 1715 Septemb.
842 1646 959 1695 diem
975 1686 986 1705 ‚
1006 1667 1073 1695 an.
1101 1649 1158 1695 U.
1181 1648 1230 1696 C.
1261 1660 1568 1707 DCCXXXVIII,

128 1731 275 1778 Roma
295 1726 544 1795 profectum
559 1744 679 1784 esse,
703 1743 753 1773 ex
775 1725 928 1774 eodem
947 1724 1162 1774 historico
1182 1737 1324 1791 patet,
1350 1738 1400 1774 ut
1422 1727 1528 1776 alibi
1551 1736 1566 1753 ²

126 1806 271 1856 fusius
297 1805 588 1854 ostendimus.
630 1827 652 1847 «
688 1803 876 1852 Barbari
907 1815 1052 1852 autem
1071 1842 1082 1863 ‚
1108 1803 1301 1870 ipsomet
1331 1819 1535 1854 narrante
1555 1846 1566 1866 ,

134 1907 157 1928 »
185 1904 324 1952 quum
357 1881 552 1932 Lollium
578 1883 742 1950 (quem
767 1881 781 1906 ³
807 1894 908 1931 ante
934 1882 1154 1944 vicerant)
1179 1902 1296 1932 arma
1321 1903 1500 1950 parare,
1527 1898 1571 1934 et

136 1985 159 2005 ι»
187 1964 443 2025 Augustum
463 1961 702 2011 exercitum
717 1960 932 2010 adducere
952 1962 1181 2020 audirent,
1203 1962 1248 2009 in
1270 1982 1391 2013 suam
1412 1975 1571 2012 terram

137 2063 160 2083 ι»
186 2040 399 2103 regressi,
423 2040 658 2089 obsidibus
673 2040 816 2098 datis,
838 2059 991 2107 pacem
1007 2052 1281 2108 acceperunt.
1309 2064 1331 2083 »
1357 2042 1469 2105 Quae
1487 2061 1573 2109 pax

134 2126 275 2185 quum
299 2118 410 2166 adeo
435 2118 671 2178 subistius
697 2117 799 2167 ann‘i
824 2118 990 2166 exitum
1012 2117 1258 2185 composita
1288 2117 1445 2177 fuerit,
1470 2119 1575 2167 hinc

133 2197 345 2260 colligere
370 2209 458 2253 est,
487 2196 700 2245 Ovidium
717 2196 790 2245 his
808 2195 1070 2245 citissimum
1089 2195 1348 2245 consulibus
1373 2199 1576 2263 potuisse

135 2275 323 2343 prolatis
346 2273 574 2322 versiculis
595 2292 651 2322 eo
674 2286 892 2340 spectare,
918 2274 1021 2322 dum
1047 2274 1100 2322 de
1120 2273 1420 2324 Sicambmrum
1444 2290 1574 2338 gente

138 2373 221 2402 ceu
242 2352 376 2401 modo
399 2352 513 2401 victa
535 2351 763 2418 loquitur-3
789 2352 1156 2419 quemadmodum
1184 2353 1400 2401 Horatius
1424 2354 1576 2404 eodem

138 2431 231 2481 fere
254 2428 479 2498 tempore⁴
497 2430 730 2479 Sicambros
746 2429 868 2478 velut
883 2431 1023 2480 victos
1037 2469 1049 2489 ‚
1071 2443 1116 2480 et
1135 2450 1276 2498 prope
1290 2431 1404 2480 diem
1419 2433 1575 2482 trium-

138 2510 232 2578 pho
252 2510 477 2559 ducendos
501 2520 716 2558 memorat
738 2508 817 2557 lib.
842 2510 921 2567 IV,
947 2510 1034 2558 Od.
1060 2526 1102 2557 2.

185 2619 197 2638 ¹
223 2616 299 2651 Lib.
312 2615 411 2659 LIV,
427 2628 503 2661 pag.
521 2615 596 2650 535.

184 2677 199 2695 ²
223 2675 306 2710 Jani
322 2674 461 2719 Templ.
478 2674 598 2709 Reser.
613 2687 689 2720 pag.
708 2676 779 2719 174.

187 2729 201 2750 ³
224 2729 316 2764 Vide
336 2730 462 2764 Horat.
481 2728 552 2764 Vit.
570 2742 646 2775 pag.
666 2730 732 2777 319
744 2743 818 2775 sqq.

187 2787 203 2808 ⁴
226 2785 319 2820 Vide
340 2786 463 2820 Horat.
479 2785 551 2820 Vit.
570 2799 645 2831 pag.
663 2786 737 2829 343,
