1794 3100
290 341 351 384 M.
374 340 558 381 JUSTI
590 339 1019 380 GOTHOFREDI
1048 338 1373 380 RABENERI

421 473 497 553 D
513 471 616 553 IS
635 471 686 553 S
703 470 772 551 E
790 471 869 552 R
885 470 1098 551 TAT
1113 473 1149 551 I
1164 472 1235 552 Ο

127 642 251 704 νΒΕ
279 646 533 704 Δ(ΜΒΠ
565 643 869 739 Exlelo
904 644 998 700 ET
1036 644 1507 702 SEPULCHRO.

119 897 182 966 D
195 930 274 966 ΠΟ,
294 915 513 994 inprimis
527 915 574 963 in
591 915 681 965 vita
693 915 851 965 Ovidii
873 928 979 964 sunt
992 954 1004 975 ‚
1024 935 1121 983 quae
1141 915 1279 966 libera
1299 919 1550 985 opinaturis

118 998 338 1066 reliquere
359 996 709 1046 discordantium
727 997 844 1045 inter
865 1016 910 1045 se
934 1010 1165 1047 auctorum
1189 999 1367 1049 dissidia
1388 1039 1400 1060 ‚
1425 1021 1554 1051 causa

122 1101 279 1150 nempe
303 1080 447 1131 exsilii
463 1092 509 1130 et
531 1079 768 1147 sepulturae
786 1079 925 1130 locus.
950 1081 1120 1131 Prioris
1141 1095 1401 1148 praetextum
1418 1086 1555 1134 fuisse

123 1164 265 1214 libros
287 1162 548 1221 amatorios,
573 1162 670 1229 ipse
693 1162 860 1228 passim
881 1161 1044 1212 fatetur
1061 1201 1074 1221 ‚
1115 1176 1160 1213 et
1202 1178 1381 1215 excusat
1420 1167 1557 1232 elegia

122 1247 177 1297 ad
210 1247 487 1310 Augustum3
512 1263 658 1294 veram
688 1257 835 1295 autem
862 1244 1038 1312 culpam
1059 1248 1229 1314 trepide
1254 1261 1298 1297 et
1320 1251 1435 1299 varie
1471 1252 1557 1299 cir-

123 1328 437 1397 cumloquitur.
466 1330 597 1379 Nunc
626 1328 747 1376 enimv
764 1347 957 1379 errorem
977 1342 1108 1378 vocat
1127 1330 1263 1380 Trist.
1291 1333 1360 1390 ΙΙ,
1389 1350 1478 1399 207
1503 1356 1512 1381 ;

340 1444 571 1481 Perdiderint
592 1457 704 1490 quum
720 1456 778 1479 me
797 1443 869 1479 duo
885 1443 1034 1480 crimina
1046 1471 1056 1489 ‚
1077 1458 1221 1482 carmen
1241 1454 1276 1482 et
1293 1460 1392 1482 error
1404 1473 1413 1490 ‚

382 1507 539 1545 Alterius
553 1506 637 1542 facti
651 1505 752 1552 culpa
766 1506 900 1544 silenda
915 1506 1013 1545 mihi,

124 1602 267 1657 Modo
287 1603 508 1653 sevidisse
532 1602 700 1670 aliquid
718 1641 730 1662 ‚
755 1615 800 1652 et
816 1604 949 1652 noxia
965 1603 1132 1653 lumina
1155 1605 1307 1655 fecisse
1333 1608 1554 1674 queritur:

123 1684 260 1734 modo
283 1686 484 1738 criminis,
505 1686 572 1735 sui
599 1686 799 1735 curiosos
822 1686 1016 1736 arbitros
1040 1686 1175 1753 plane
1200 1688 1482 1755 deprecatur,
1509 1702 1558 1738 ut

125 1766 203 1815 lib.
226 1767 350 1816 Il'de
374 1769 522 1816 Ponto
541 1806 553 1826 ‚
577 1781 651 1826 lx,
680 1767 768 1835 75:

342 1883 389 1919 Et
406 1884 490 1930 quid
510 1891 679 1930 praeterea
697 1885 869 1930 peccarim
889 1897 1045 1930 quaerere
1063 1885 1146 1920 noli.

124 1981 318 2036 Tantum
342 1994 488 2035 tamen
509 1982 681 2040 abfuit,
706 1994 759 2031 ut
779 1982 840 2033 ita
865 1982 1079 2033 molestos
1100 1984 1186 2032 hos
1206 1985 1412 2034 homines
1436 2004 1558 2034 amo-

125 2062 306 2122 liretur,
330 2076 383 2113 ut
405 2065 558 2131 potius
582 2064 815 2128 malignam
839 2065 1021 2118 illorum
1044 2066 1384 2117 sollicitudinem
1406 2087 1557 2117 accen-

128 2145 264 2195 deret.
289 2148 417 2195 More
442 2147 558 2196 enim
579 2145 749 2211 ingenii
767 2149 949 2198 humani
967 2150 1163 2199 accidere
1189 2149 1325 2209 solet,
1351 2163 1403 2199 ut
1425 2152 1471 2200 in
1493 2172 1559 2200 ve‘

130 2228 261 2284 titum
284 2229 480 2279 nitamur
492 2267 504 2288 ‚
530 2241 575 2277 et
591 2229 704 2278 nihil
723 2242 810 2280 tam
828 2231 984 2280 misere
1002 2234 1382 2300 nossecupiamus
1395 2272 1407 2292 ‚
1427 2254 1557 2300 quam

130 2331 155 2361 a
178 2314 303 2380 cujus
328 2313 595 2362 conscientia
613 2313 918 2379 prohibemur.
938 2315 1048 2363 Inde
1063 2315 1227 2364 factum
1243 2355 1255 2374 ‚
1278 2329 1329 2365 ut
1351 2317 1561 2366 Sidonius

131 2394 403 2462 Apollinaris
433 2394 599 2444 Juliam
636 2395 839 2446 Corinnae
875 2398 1052 2448 nomine
1088 2398 1277 2464 turpiter
1314 2399 1559 2448 traductam

132 2480 499 2545 poetaenocuisse
526 2491 727 2546 putaret;
756 2479 830 2528 alii
853 2481 1217 2530 consuetudinem
1240 2501 1337 2529 cum
1365 2483 1460 2548 ipsa
1482 2483 1559 2531 ha-

131 2560 284 2611 buisse
317 2582 327 2610 :
361 2564 610 2630 Opmeerus
635 2564 683 2611 in
709 2582 837 2612 omen
862 2563 1022 2612 ruituri
1060 2564 1297 2627 gentilismi
1321 2564 1561 2629 relegatum

134 2645 355 2703 crederet;
374 2645 503 2695 multi
522 2647 649 2695 etiam
663 2685 675 2702 ‚
694 2646 995 2695 crudelitatem
1013 2666 1153 2713 poenae
1170 2647 1388 2707 insectati,
1409 2649 1454 2696 in
1471 2649 1565 2697 vin·

137 2727 296 2777 dietam
323 2729 465 2779 adhuc
486 2728 735 2777 acerbiores
759 2729 1035 2800 suspiciones
1057 2742 1275 2780 armarent
1293 2769 1304 2787 ‚
1340 2743 1382 2778 et
1413 2731 1561 2797 ipsum
