1794 3100
431 244 520 288 DE
557 245 610 287 P.
651 241 917 288 ovlmo
955 240 1246 286 NASONE.
1470 241 1559 301 329

194 340 489 396 mmmm,
516 336 596 386 lib.
620 339 672 396 Ι,
702 336 857 404 Epigr.
885 335 947 385 62
971 356 982 384 :

350 441 567 499 Apouodom
584 451 720 499 plaudit
738 450 899 487 imbrifer
915 451 1038 494 Nilus,
1124 489 1128 495 ,

394 514 535 551 Nasone
553 514 691 561 Peligni
706 519 844 549 sonant.
1064 510 1066 512 ’

132 611 209 662 lib.
235 606 332 670 111,
354 612 510 680 Epigr.
537 610 598 659 38
620 633 630 660 2

351 715 507 752 Insanis:
526 729 650 751 omnes
668 714 788 762 gelidis
805 714 1017 761 quicumque
1034 714 1180 750 lacernis

393 778 489 815 Sunt
504 777 566 814 tibi
580 804 591 823 ,
614 778 769 815 Nasones
786 776 1022 823 Virgiliosque
1040 776 1130 812 vide.

129 873 207 924 lib.
232 875 288 933 V,
310 874 465 943 Epigr.
497 893 585 923 10:

350 979 446 1015 Rara
460 986 630 1015 coronato
644 979 802 1026 plausere
819 979 956 1015 theatra
971 976 1197 1019 Menandro;

392 1042 504 1077 Norat
521 1041 700 1076 Nasonem
717 1041 789 1076 sola
805 1039 966 1087 Corinna
979 1052 1095 1076 suum.

127 1124 207 1174 lib.
232 1125 546 1193 vl11‚Epigr.
574 1125 636 1173 63
658 1147 668 1174 2

351 1231 433 1267 Non
448 1242 507 1266 me
521 1231 688 1277 Pelignus
700 1258 709 1276 ,
726 1244 794 1267 nec
809 1238 951 1277 spernet
966 1231 1117 1266 Mantua
1131 1236 1248 1265 vatem
1259 1256 1268 1274 ,

383 1292 431 1327 *Si
450 1302 518 1338 qua
537 1291 698 1328 Corinna
714 1292 822 1337 mihi,
838 1293 867 1328 si
884 1293 960 1339 quis
976 1293 1092 1328 Alexis
1109 1292 1187 1328 erit·

191 1378 394 1427 AUCTOR
414 1377 466 1426 de
488 1376 636 1427 Caustie
657 1388 858 1444 corruptoe
875 1377 1161 1445 Eloquentioe,
1186 1396 1280 1445 cap.
1310 1392 1364 1424 12
1386 1397 1395 1425 :
1423 1399 1446 1420 «
1467 1377 1558 1426 Nec

131 1477 155 1497 »
178 1452 299 1503 ullus
320 1455 466 1504 Asinii
499 1468 575 1505 aut
597 1454 799 1506 Messalae
823 1454 939 1505 liber
961 1468 1051 1505 tam
1071 1454 1259 1505 illustris
1272 1493 1284 1514 ,
1310 1470 1441 1521 quam
1462 1454 1559 1503 Me-

130 1556 153 1576 »
179 1532 259 1582 dea
280 1531 449 1584 OVidii.
472 1558 495 1579 »

191 1610 416 1672 Sumus,
439 1611 519 1663 lib.
538 1612 611 1672 II,
635 1612 739 1662 Silv.
764 1625 862 1672 vn,
886 1631 997 1661 vers.
1026 1611 1116 1679 75:

477 1717 593 1753 Cedet
608 1717 713 1753 Musa
728 1717 826 1753 rudis
842 1698 967 1753 ferocis
987 1718 1104 1762 Enni,

479 1778 527 1813 Et
543 1778 635 1814 docti
650 1778 751 1813 furor
765 1778 894 1813 arduus
911 1778 1072 1821 Lucreti,

475 1840 524 1874 Et
538 1839 600 1885 qui
615 1852 762 1885 corpora
778 1839 892 1884 prima
909 1838 1143 1884 transfigurat.

189 1925 514 1982 Summum,
549 1924 598 1971 in
620 1922 757 1972 ΑΕΙίο
788 1922 930 1979 Vero,
970 1941 1062 1990 cap.
1090 1924 1121 1985 4
1149 1943 1159 1971 :
1189 1945 1213 1966 «
1240 1922 1386 1972 AElius
1412 1925 1554 1972 Verus

127 2023 150 2043 »
179 2000 331 2049 Ovidii
348 2000 490 2049 libros
513 2001 731 2049 Amorum
754 2001 801 2048 in
821 1999 936 2048 lecto
961 2019 1133 2067 semper
1155 2000 1328 2048 habuit.
1354 2023 1376 2042 »

187 2084 509 2141 hennum,
523 2081 601 2130 lib.
619 2084 664 2141 Ι,
678 2082 854 2147 defalsa
865 2082 1102 2149 Rehjgwbne,
1127 2101 1220 2149 cap.
1242 2081 1269 2128 5
1286 2103 1295 2130 :
1320 2105 1341 2124 «
1365 2082 1557 2132 Ovidius

128 2182 151 2203 »
182 2179 362 2227 quoque
397 2160 445 2208 in
477 2159 699 2227 principio
723 2159 918 2228 praeclari
943 2160 1112 2227 operis,
1134 2160 1228 2208 sine
1250 2159 1339 2208 ulla
1362 2160 1555 2209 nominis
1576 2151 1582 2156 ”

125 2259 149 2280 »
178 2236 551 2307 dissimulatione,
570 2257 595 2285 a
610 2237 708 2286 Deo
721 2276 732 2298 ‚
753 2258 884 2305 quem
902 2238 1211 2288 fabricatorem
1225 2239 1378 2287 mundi
1392 2277 1403 2298 ,
1426 2258 1555 2305 quem

124 2337 147 2358 »
175 2335 323 2364 rerum
343 2314 545 2384 opificem
565 2327 715 2374 vocat,
736 2315 951 2366 mundum
977 2317 1140 2366 fatetur
1157 2317 1436 2366 instructum.
1463 2340 1485 2359 »

182 2390 542 2451 HIERONYMUS‚
560 2392 607 2440 in
633 2391 809 2450 Oscum,
835 2412 927 2461 cap.
960 2412 1011 2441 11
1039 2416 1048 2443 :
1079 2417 1102 2437 «
1124 2395 1272 2460 Hujus
1290 2393 1389 2442 Beli
1412 2394 1554 2442 Semi-

122 2493 145 2514 »
172 2470 332 2530 ramis,
356 2470 411 2519 de
434 2491 522 2539 qua
544 2469 684 2520 multa
708 2484 752 2521 et
775 2471 972 2521 miranda
993 2472 1244 2523 referuntur
1258 2512 1270 2532 ‚
1295 2491 1446 2527 muros
1469 2472 1554 2523 Ba-

120 2569 145 2590 »
171 2547 350 2614 bylonis
387 2550 626 2609 exstruxit,
658 2549 711 2599 de
733 2569 823 2618 qua
846 2551 1032 2616 insignis
1056 2564 1185 2619 poeta
1207 2563 1394 2602 testatur
1410 2591 1422 2610 ‚
1442 2553 1551 2600 Met.

123 2647 145 2668 »
170 2623 248 2675 lib.
272 2626 352 2687 IV,
375 2647 486 2677 vers.
509 2627 570 2676 55
594 2648 604 2677 :

706 2734 715 2743 .
729 2735 737 2744 ,
787 2723 893 2756 quam
911 2709 1039 2746 dicitur
1054 2709 1138 2746 olim

388 2766 580 2804 Coctilibus
597 2767 709 2804 min-is
723 2767 868 2805 cinxisse
885 2768 1091 2806 Semiramis
1106 2768 1243 2805 urbem.
