1794 3100
265 243 351 287 320
684 242 1236 289 'DEDICATIONES

267 336 432 385 nalz‘bus‘
446 347 560 385 eruta
575 337 721 403 priscis
735 357 752 392 ,·
779 349 821 385 et
841 337 956 386 idem
976 357 986 386 :
1010 336 1254 386 Sacra'cano
1343 339 1575 405 signataque
1585 348 1685 388 tem-

259 437 366 484 pom
388 418 544 466 Fastis.
577 420 688 466 Nam
721 418 919 468 Isidorus
954 418 1118 468 nullam
1151 419 1282 467 fidem
1317 419 1528 479 meretur,
1561 421 1637 488 qui
1659 441 1682 470 a

265 498 476 556 fastibus,
509 498 554 546 id
591 511 675 556 est,
698 500 992 565 potestatibus
1014 501 1099 566 (ut
1121 501 1238 549 idem
1260 500 1347 566 ait)
1369 502 1519 550 Ovidii
1540 502 1683 551 Fastis

265 599 427 628 nomen
453 580 642 628 inditum
663 593 802 647 putat.
827 581 940 629 Sunt
961 594 1105 631 autem
1128 583 1281 639 Fasti,
1312 595 1488 632 auctore
1507 584 1682 642 Servio,

267 662 363 710 libri
375 662 528 710 dierum
540 664 872 729 computationem
886 664 1094 721 habentes,
1112 665 1190 713 ubi
1209 666 1340 729 (teste
1355 665 1682 732 Porphyrione)

265 763 345 810 per
362 744 570 793 'consules
594 765 807 793 annorum
835 764 1065 795 numerum
1088 746 1370 810 colligebant.
1413 748 1512 796 Erit
1540 746 1684 796 autem

266 826 443 893 plenior
457 826 678 884 diffinitio,
695 828 729 875 si
745 828 983 876 secundum
997 830 1214 877 Acronem
1232 829 1478 888 dixerimus,
1492 851 1514 872 (ι
1532 831 1685 878 Fastos

269 932 293 953 »
318 928 410 958 esse
433 908 609 958 annales
627 948 638 966 ‚
661 910 707 957 in
733 911 896 976 quibus
915 912 1121 959 memoria
1143 911 1391 977 temporum*
1409 912 1684 969 continetur,

269 1013 292 1033 >³
322 991 485 1057 quique
508 990 1043 1040 adcommemorationem
1062 993 1281 1041 honorum
1294 1031 1305 1050 ‚
1325 1011 1521 1042 rerumve
1540 1004 1683 1056 gesta-

268 1094 292 1115 »
320 1091 417 1119 rum
432 1072 599 1120 inventi
614 1073 821 1121 dicuntur
833 1074 1008 1123 virtutis
1022 1074 1203 1123 indices.
1221 1097 1243 1116 n
1265 1075 1419 1123 Horat.
1437 1075 1483 1122 in
1495 1074 1680 1136 lfCarm.

269 1176 291 1195 «
319 1148 450 1211 Tuas,
467 1154 679 1217 Auguste,
699 1154 881 1203 virtutes
901 1155 944 1202 in
963 1174 1101 1203 aevum
1116 1157 1200 1204 Per
1214 1155 1366 1204 titulos
1383 1174 1683 1222 memoresque

270 1258 290 1277 »
318 1237 473 1284 Fastos
497 1247 688 1284 aeternet.
717 1258 739 1278 »
768 1236 889 1284 Idem
913 1237 959 1284 in
980 1237 1132 1286 eodem
1158 1258 1167 1285 :
1204 1259 1226 1280 α
1245 1239 1347 1286 Non
1373 1238 1476 1286 Coae
1497 1237 1684 1286 referent

267 1340 289 1359 »
314 1318 402 1382 jam
426 1317 507 1365 tihi
529 1337 755 1384 purpurae,
781 1320 873 1366 Nec
893 1317 996 1367 clari
1010 1318 1178 1385 lapides
1195 1331 1411 1385 tempora,
1436 1337 1533 1385 quae
1549 1319 1682 1369 semel

267 1422 290 1442 »
320 1399 438 1448 notis
467 1399 644 1448 condita
672 1400 813 1448 Fastis
832 1399 1029 1449 vInclusit
1061 1400 1251 1450 volucris
1288 1400 1393 1448 dies.
1434 1422 1457 1443 »
1496 1400 1680 1467 Proprie

263 1480 398 1542 igitur
419 1480 537 1528 Fasti
559 1492 663 1529 sunt
684 1480 858 1529 annales
872 1519 883 1539 ,
909 1482 1148 1530 secundum
1175 1481 1421 1548 Sempronii
1443 1481 1682 1531 Asellionis

265 1562 543 1629 opinionem,
565 1563 620 1611 ab
638 1563 758 1612 Aulo
782 1563 923 1611 Gellio
943 1564 1142 1613 traditam
1161 1563 1235 1612 lib.
1261 1566 1317 1622 V,
1336 1564 1543 1613 Noctium
1565 1565 1687 1613 Atti-

265 1663 433 1702 carum,
460 1645 608 1693 addita
639 1645 806 1693 dierum
842 1646 1183 1712 computatione·
1213 1646 1252 1694 Ii
1285 1666 1422 1713 quum
1441 1646 1523 1713 per
1543 1665 1682 1695 annos

264 1726 464 1789 singulos
480 1727 775 1775 scriberentur
786 1764 797 1786 ‚
821 1746 873 1776 ex
891 1747 980 1794 quo
998 1730 1027 1776 J
1029 1747 1159 1777 anum
1177 1741 1398 1796 parentem
1416 1729 1562 1778 dixere
1579 1730 1682 1778 Fas-

263 1820 406 1856 torum
430 1848 440 1866 ,
474 1810 780 1858 tantummodo
815 1810 935 1877 quod
967 1810 1130 1860 factum
1166 1830 1341 1877 quoque
1364 1831 1481 1860 anno
1511 1823 1681 1875 gestum

262 1902 399 1948 esset,
431 1891 790 1940 demonstrabant
821 1912 831 1939 ε
865 1912 1054 1959 quorum
1080 1893 1283 1941 nonnulli
1317 1893 1448 1942 veluti
1481 1893 1675 1953 funesti,

263 1973 375 2020 nihil
404 1985 562 2039 praeter
590 1975 768 2023 nomina
804 1974 1035 2023 consulum
1071 1989 1409 2038 suggesserunt,
1444 1988 1497 2025 ut
1530 1976 1680 2025 Livius

260 2055 426 2102 scribit.
452 2055 678 2104 Differunt
699 2069 843 2105 autem
866 2077 890 2105 a
909 2057 1077 2105 diurnis
1096 2058 1219 2106 urbis
1240 2059 1368 2116 actis,
1394 2077 1490 2125 quae
1512 2058 1578 2106 vel
1595 2058 1678 2106 hu—

260 2136 379 2184 milia
400 2137 698 2201 recipiebant,
719 2158 853 2204 quum
872 2140 1013 2187 Fastis
1032 2151 1201 2188 tantum
1219 2139 1403 2189 illustria
1423 2140 1679 2188 mandaren-

260 2229 346 2266 tur.
365 2218 495 2266 Unde
512 2218 621 2266 illud
633 2218 817 2281 legimus
833 2220 948 2286 apud
964 2220 1215 2269 Cornelium
1232 2222 1456 2270 Tacitum:
1471 2221 1594 2270 «Nisi
1607 2221 1678 2269 cui

264 2321 286 2341 »
314 2298 448 2347 libeat
478 2299 707 2349 laudandis
732 2302 1028 2351 fundamentis
1053 2315 1094 2350 et
1124 2302 1352 2361 trabibus,
1387 2303 1486 2368 quis
1517 2302 1678 2350 molem

262 2402 286 2423 »
312 2381 622 2447 amphitheatri
643 2383 759 2448 apud
793 2402 991 2450 campum
1026 2385 1184 2433 Martis
1215 2385 1358 2432 Caesar
1380 2395 1676 2440 exstruxerat,

262 2484 285 2504 »
312 2462 532 2511 volumina
554 2464 733 2530 implere
755 2485 764 2513 ;
786 2485 919 2531 quum
944 2485 996 2514 ex
1022 2467 1231 2529 dignitate
1249 2465 1405 2532 populi
1425 2466 1593 2514 romani
1605 2484 1677 2513 re-

260 2565 285 2586 »
313 2557 486 2609 pertum
510 2547 588 2604 sit,
614 2565 682 2594 res
707 2546 898 2595 illustres
931 2547 1184 2607 annalibus,
1217 2547 1319 2596 talia
1351 2546 1519 2595 diurnis
1553 2546 1676 2595 urbis

261 2646 286 2668 2>
314 2626 423 2673 actis
454 2626 671 2676 mandare.
705 2650 729 2670 »
774 2629 911 2676 Iidem
954 2632 1166 2692 (auctore
1205 2629 1466 2694 Prisciano)
1502 2627 1620 2676 Fasti
1650 2646 1675 2674 a

261 2707 387 2756 fastis
409 2707 566 2758 diebus
589 2710 803 2760 nominati
825 2724 929 2760 sunt
948 2732 957 2771 ;
982 2732 1071 2760 non
1096 2712 1197 2778 quia
1217 2711 1341 2770 festi,
1362 2712 1448 2760 hoc
1472 2708 1563 2770 est,
1590 2709 1674 2758 diis
