1794 3100
515 239 601 282 ET
635 234 1143 282 PRAEFATIONES.
1460 240 1543 281 281

117 331 381 399 reperiatur,
397 331 465 378 cui
480 349 572 379 non
586 330 829 379 virtutibus
844 331 1027 380 (liversis
1041 369 1053 387 ,
1073 329 1139 379 vel
1157 329 1374 396 superior,
1389 329 1456 379 vel
1473 349 1554 397 par

123 409 208 465 sit,
230 418 284 456 ut
299 405 523 456 'secundus
546 426 571 455 a
590 408 794 466 Marone,
819 407 878 455 ita
909 407 1079 474 primus
1104 414 1358 455 caeterorum
1380 426 1389 453 :
1410 425 1554 472 neque

123 484 297 542 minus,
316 494 459 532 tamen
474 520 486 541 ‚
513 502 654 550 prope
674 483 856 532 ultimus
872 483 1120 532 bonorum:
1140 501 1241 531 nam
1267 481 1556 548 quemadmo-

125 561 230 610 dum
244 561 452 628 antiquos
464 561 601 610 lactea
624 562 776 629 (quod
791 574 906 611 recte
921 581 1119 611 summus
1133 562 1210 611 aevi
1221 560 1365 610 nostri
1379 560 1557 609 criticus

130 637 185 688 de
206 656 258 686 eo
279 638 478 704 judicat)
501 638 710 687 facilitate
734 638 945 687 emollivit
959 677 971 697 ,
1006 639 1067 686 ita
1087 638 1268 706 pondus
1288 656 1338 686 ex
1361 636 1560 685 acumine

128 726 172 765 et
187 734 347 766 nervos
364 716 602 766 characteri
625 736 707 766 suo
733 717 928 775 addidit3
951 717 1114 784 quibus
1135 716 1283 766 nervis
1301 714 1437 782 paulo
1457 725 1562 781 post

125 791 436 843 declamatores
450 831 463 852 ,
484 794 630 860 primo
642 793 861 858 linguam,
882 813 983 842 mox
1002 793 1158 862 poesin
1174 831 1186 852 ,
1211 802 1488 841 enervarunt.
1501 826 1512 839 .
1526 827 1535 837 .
1548 828 1557 837 .

125 870 264 920 Vides
288 880 435 920 au'tem
458 871 617 921 fluvios
649 873 843 921 minutos
867 871 995 930 illos,
1023 890 1135 938 quos
1159 882 1235 919 aut
1255 871 1353 937 ripa
1377 888 1455 918 sua
1485 887 1564 916 co-

124 947 279 1006 hibet,
302 961 381 998 aut
396 949 541 999 lutum
562 971 572 998 z
596 950 805 999 Rhenum
819 969 923 998 vero
949 961 1154 998 nostrum
1168 987 1180 1007 ,
1205 961 1371 1016 quanto
1389 947 1566 1011 agmine

129 1044 178 1074 ac
199 1024 361 1075 fiducia
381 1026 581 1076 incedat!-
606 1039 657 1075 ut
684 1027 910 1095 plerisque
931 1027 979 1076 in
1004 1027 1113 1075 locis
1136 1045 1231 1075 non
1249 1026 1443 1075 diffundi
1470 1038 1567 1081 tan-

132 1116 249 1163 tum,
274 1105 353 1154 sed
375 1105 544 1155 effundi
580 1108 723 1156 amet!
761 1108 927 1156 Pontes
954 1125 1134 1173 quoque
1168 1118 1243 1155 aut
1264 1104 1429 1163 vallos,
1456 1124 1571 1171 saepe

131 1194 213 1238 ant¹
228 1182 486 1246 indignatur
505 1221 518 1241 ,
540 1197 618 1232 aut
639 1186 906 1251 perrumpit.
929 1187 991 1232 Et
1017 1185 1243 1233 Oceanum
1266 1184 1488 1247 ingentem
1514 1181 1572 1230 il-

56 1319 69 1333 *
131 1260 229 1310 lum·
255 1269 389 1326 atque
423 1259 709 1318 immensum,
731 1260 961 1310 tutelarem
983 1273 1210 1318 nostrum,
1237 1261 1358 1309 vides
1376 1299 1387 1319 ‚
1417 1261 1494 1327 qui
1513 1260 1571 1308 li—

97 1364 103 1370 ·
135 1338 313 1389 toribus
336 1357 383 1387 se
401 1337 620 1386 contineri
638 1342 773 1400 negat
791 1340 810 1387 ?
828 1337 993 1387 Caelum
1012 1358 1190 1405 quoque
1208 1350 1335 1386 motu
1353 1350 1430 1386 aut
1453 1338 1572 1386 velo—

132 1416 293 1475 citate,
328 1416 406 1465 cui·
437 1415 667 1482 proximus
697 1416 771 1465 hic
808 1428 988 1474 auctor,
1018 1430 1248 1482 nunquam
1281 1415 1570 1474 terminatur;

134 1493 332 1562 quamvis
353 1493 470 1542 intra
491 1513 538 1542 se
557 1494 772 1543 consistit.
796 1494 917 1543 Idem
938 1494 1033 1543 fieri
1050 1495 1124 1543 hic
1142 1494 1269 1543 crede
1288 1514 1296 1541 :
1320 1513 1574 1560 quanquam

134 1574 252 1623 enirn
273 1571 387 1621 nihil
408 1572 481 1622 hic
506 1572 566 1621 sit
582 1572 827 1622 violentum
843 1611 855 1632 ,
882 1573 995 1622 nihil
1015 1573 1137 1640 quod
1153 1593 1244 1622 non
1265 1574 1418 1640 potius
1436 1573 1573 1621 lenis—

137 1653 244 1702 sime
261 1652 552 1719 .persuadeat,
580 1672 711 1719 quam
731 1665 884 1716 cogat;
908 1653 1022 1702 nihil
1043 1666 1185 1702 tamen
1208 1666 1271 1702 est
1285 1691 1295 1711 ,
1322 1653 1443 1719 quod
1462 1653 1572 1700 istos

138 1731 298 1780 limites
316 1750 409 1779 non
428 1729 559 1793 longe
575 1731 767 1779 excedat.
781 1734 833 1779 In
846 1733 1063 1780 Amorum
1079 1732 1256 1798 quidem
1270 1732 1397 1780 libris
1412 1771 1422 1790 ,
1435 1751 1571 1799 quum

137 1828 184 1858 se
207 1809 406 1858 nondum
422 1807 664 1857 felicissimi
683 1809 878 1872 ingenii,
899 1810 967 1859 vel
991 1821 1165 1877 caperet
1179 1849 1191 1869 ‚
1210 1810 1277 1859 vel
1289 1811 1574 1860 *circumscri-

137 1887 262 1936 beret
279 1886 459 1936 uberta-s
471 1925 483 1946 ,
503 1886 673 1954 aliquid
690 1907 1012 1955 nonnunquam
1031 1900 1160 1937 notes
1175 1927 1186 1947 ‚
1209 1889 1330 1955 quod
1348 1890 1577 1955 permittat

140 1964 227 2013 sibi
242 1976 321 2013 aut
335 1964 576 2027 indulgeat.
596 1965 669 2013 Ad
687 1977 839 2014 caetera
851 2004 863 2024 ,
883 1965 1086 2033 inprimis
1103 1986 1199 2033 quae
1218 1967 1433 2015 maturior
1451 1978 1576 2015 aetate

141 2040 340 2107 scripsit,
359 2052 531 2107 quanto
554 2041 703 2090 minus
725 2042 966 2092 contulisse
987 2043 1225 2106 diligentiae
1247 2043 1433 2101 videtur,
1454 2055 1577 2091 tanto

143 2138 256 2170 curae
277 2119 382 2186 plus
403 2139 453 2169 ac
475 2120 702 2170 suavitatis
727 2122 889 2179 habet3
925 2142 1022 2189 quae
1052 2122 1099 2170 in
1131 2123 1274 2171 Fastis
1298 2135 1417 2171 tanta
1445 2122 1579 2171 nobis

143 2206 317 2264 semper
337 2198 428 2246 visa
442 2228 461 2256 ·,.
481 2210 533 2246 ut
553 2200 772 2249 narrando
796 2212 987 2249 mentem
1008 2200 1178 2250 homini
1204 2213 1402 2250 excantet
1432 2221 1441 2248 :
1476 2199 1579 2266 quia

144 2274 428 2334 suavitatem,
455 2293 559 2324 cura
578 2294 675 2343 quae
691 2277 1002 2326 dissimulatur
1018 2316 1030 2336 ,
1059 2298 1155 2345 quae
1175 2290 1377 2346 apparet,
1404 2277 1579 2325 taedium

143 2352 484 2420 molestiamque
503 2355 621 2420 parit
642 2374 653 2403 ε
678 2373 820 2421 neque
856 2356 1090 2423 quicquam
1126 2356 1265 2419 magis
1281 2393 1293 2414 ,
1320 2355 1443 2423 quod
1470 2373 1580 2422 prae-

143 2430 249 2479 clari
273 2431 349 2482 isti
375 2433 523 2490 ¹critici
561 2452 651 2481 non
683 2432 859 2490 vident,
886 2453 1024 2500 quam
1047 2435 1247 2501 professa
1283 2433 1508 2496 diligentia
1539 2445 1582 2482 et

145 2507 299 2565 labor,
324 2508 519 2558 indolem
543 2529 592 2558 ac
617 2509 794 2572 genium
817 2523 993 2559 enervat
1023 2531 1031 2558 :
1061 2512 1243 2576 cujusne
1283 2510 1581 2578 suspicionem

146 2585 324 2652 quidem
344 2623 356 2644 ‚
381 2585 461 2634 ubi
492 2585 661 2653 aliquid
698 2586 882 2635 dicendo
919 2588 1271 2654 persuadendum
1302 2601 1399 2647 est,
1431 2607 1584 2655 supre-

146 2684 247 2714 mus
268 2664 426 2713 doctor
453 2665 717 2714 Aristoteles
753 2666 959 2715 admittit.
996 2669 1047 2715 In
1081 2668 1326 2716 Heroidum
1364 2666 1581 2734 Epistolis

149 2761 258 2811 quas
280 2755 461 2803 vocant,
486 2752 589 2811 'quae-
610 2744 827 2794 Heroides
851 2757 955 2795 sunt
980 2746 1234 2805 Prisciano;
1257 2746 1414 2811 (cujus
1437 2757 1579 2794 autem
