<?xml version="1.0" encoding="UTF-8"?>
<!DOCTYPE html PUBLIC "-//W3C//DTD XHTML 1.0 Transitional//EN"
    "http://www.w3.org/TR/xhtml1/DTD/xhtml1-transitional.dtd">
<html xmlns="http://www.w3.org/1999/xhtml" xml:lang="en" lang="en">
 <head>
  <title>
</title>
<meta http-equiv="Content-Type" content="text/html;charset=utf-8" />
  <meta name='ocr-system' content='tesseract 3.04.00' />
  <meta name='ocr-capabilities' content='ocr_page ocr_carea ocr_par ocr_line ocrx_word'/>
</head>
<body>
  <div class='ocr_page' id='page_1' title='image "./quaeextantomniao08oviduoft_0188.png"; bbox 0 0 1794 3100; ppageno 0'>
   <div class='ocr_carea' id='block_1_1' title="bbox 258 237 1243 298">
    <p class='ocr_par' dir='ltr' id='par_1_1' title="bbox 258 237 1243 298">
     <span class='ocr_line' id='line_1_1' title="bbox 258 237 1243 298; baseline 0.004 -19"><span class='ocrx_word' id='word_1_1' title='bbox 258 239 338 298; x_wconf 79' lang='lat'><strong>178</strong></span> <span class='ocrx_word' id='word_1_2' title='bbox 690 238 742 280; x_wconf 86' lang='lat' dir='ltr'><strong>P.</strong></span> <span class='ocrx_word' id='word_1_3' title='bbox 788 237 1024 283; x_wconf 84' lang='lat' dir='ltr'><strong>ov1D11</strong></span> <span class='ocrx_word' id='word_1_4' title='bbox 1073 239 1243 283; x_wconf 86' lang='lat' dir='ltr'><strong>VITA</strong></span> 
     </span>
    </p>
   </div>
   <div class='ocr_carea' id='block_1_2' title="bbox 243 331 1674 1246">
    <p class='ocr_par' dir='ltr' id='par_1_2' title="bbox 245 331 1674 1078">
     <span class='ocr_line' id='line_1_2' title="bbox 245 331 1672 398; baseline 0.003 -19"><span class='ocrx_word' id='word_1_5' title='bbox 245 350 325 398; x_wconf 87' lang='lat' dir='ltr'><strong>per</strong></span> <span class='ocrx_word' id='word_1_6' title='bbox 350 331 640 398; x_wconf 80' lang='lat' dir='ltr'><strong>quaesiverunt</strong></span> <span class='ocrx_word' id='word_1_7' title='bbox 669 337 679 356; x_wconf 86' lang='lat'><em>¹</em></span> <span class='ocrx_word' id='word_1_8' title='bbox 698 368 709 388; x_wconf 90' lang='lat'>‚</span> <span class='ocrx_word' id='word_1_9' title='bbox 747 350 834 397; x_wconf 94' lang='lat' dir='ltr'><strong>quo</strong></span> <span class='ocrx_word' id='word_1_10' title='bbox 855 332 1020 380; x_wconf 85' lang='lat' dir='ltr'><strong>Noster</strong></span> <span class='ocrx_word' id='word_1_11' title='bbox 1052 333 1196 392; x_wconf 87' lang='lat' dir='ltr'><strong>Roma</strong></span> <span class='ocrx_word' id='word_1_12' title='bbox 1228 332 1454 398; x_wconf 86' lang='lat' dir='ltr'><strong>profectus</strong></span> <span class='ocrx_word' id='word_1_13' title='bbox 1484 345 1563 383; x_wconf 90' lang='lat' dir='ltr'><strong>est.</strong></span> <span class='ocrx_word' id='word_1_14' title='bbox 1599 333 1672 384; x_wconf 87' lang='lat' dir='ltr'><strong>Illi</strong></span> 
     </span>
     <span class='ocr_line' id='line_1_3' title="bbox 247 409 1671 476; baseline 0.002 -16"><span class='ocrx_word' id='word_1_15' title='bbox 247 410 411 460; x_wconf 88' lang='lat' dir='ltr'><strong>mensis</strong></span> <span class='ocrx_word' id='word_1_16' title='bbox 440 409 630 460; x_wconf 80' lang='lat' dir='ltr'><em>Octobris</em></span> <span class='ocrx_word' id='word_1_17' title='bbox 653 409 830 458; x_wconf 91' lang='lat' dir='ltr'><strong>initium</strong></span> <span class='ocrx_word' id='word_1_18' title='bbox 851 409 1018 476; x_wconf 87' lang='lat' dir='ltr'><strong>placuit</strong></span> <span class='ocrx_word' id='word_1_19' title='bbox 1038 429 1091 458; x_wconf 89' lang='lat' dir='ltr'><strong>ex</strong></span> <span class='ocrx_word' id='word_1_20' title='bbox 1112 410 1244 459; x_wconf 87' lang='lat' dir='ltr'><strong>Trist.</strong></span> <span class='ocrx_word' id='word_1_21' title='bbox 1268 410 1346 459; x_wconf 91' lang='lat' dir='ltr'><strong>lib.</strong></span> <span class='ocrx_word' id='word_1_22' title='bbox 1371 414 1416 471; x_wconf 92' lang='lat' dir='ltr'><strong>I,</strong></span> <span class='ocrx_word' id='word_1_23' title='bbox 1440 412 1563 476; x_wconf 84' lang='lat' dir='ltr'><strong>Eleg.</strong></span> <span class='ocrx_word' id='word_1_24' title='bbox 1590 426 1671 463; x_wconf 76' lang='lat' dir='ltr'><strong>lv:</strong></span> 
     </span>
     <span class='ocr_line' id='line_1_4' title="bbox 253 485 1670 549; baseline 0.002 -14"><span class='ocrx_word' id='word_1_25' title='bbox 253 510 276 530; x_wconf 85' lang='lat'><strong><em>«</em></strong></span> <span class='ocrx_word' id='word_1_26' title='bbox 302 487 455 536; x_wconf 87' lang='lat' dir='ltr'><strong>Refert</strong></span> <span class='ocrx_word' id='word_1_27' title='bbox 489 487 631 544; x_wconf 89' lang='lat' dir='ltr'><strong>enim,</strong></span> <span class='ocrx_word' id='word_1_28' title='bbox 665 485 725 534; x_wconf 84' lang='lat' dir='ltr'><strong>ait</strong></span> <span class='ocrx_word' id='word_1_29' title='bbox 754 485 999 546; x_wconf 77' lang='lat' dir='ltr'><strong>Calvisius,</strong></span> <span class='ocrx_word' id='word_1_30' title='bbox 1030 487 1270 536; x_wconf 86' lang='lat' dir='ltr'><strong>Arcturum</strong></span> <span class='ocrx_word' id='word_1_31' title='bbox 1300 500 1395 536; x_wconf 86' lang='lat' dir='ltr'><strong>tum</strong></span> <span class='ocrx_word' id='word_1_32' title='bbox 1431 488 1670 549; x_wconf 84' lang='lat' dir='ltr'><strong>occidisse,</strong></span> 
     </span>
     <span class='ocr_line' id='line_1_5' title="bbox 251 564 1673 632; baseline 0.006 -23"><span class='ocrx_word' id='word_1_33' title='bbox 251 588 274 610; x_wconf 85' lang='lat'><strong>&gt;›</strong></span> <span class='ocrx_word' id='word_1_34' title='bbox 303 564 423 631; x_wconf 91' lang='lat' dir='ltr'><strong>quod</strong></span> <span class='ocrx_word' id='word_1_35' title='bbox 458 564 621 612; x_wconf 87' lang='lat' dir='ltr'><strong>factum</strong></span> <span class='ocrx_word' id='word_1_36' title='bbox 645 575 712 612; x_wconf 89' lang='lat' dir='ltr'><strong>est</strong></span> <span class='ocrx_word' id='word_1_37' title='bbox 745 565 942 631; x_wconf 83' lang='lat' dir='ltr'><strong>vesperi,</strong></span> <span class='ocrx_word' id='word_1_38' title='bbox 970 565 1148 632; x_wconf 90' lang='lat' dir='ltr'><strong>quando</strong></span> <span class='ocrx_word' id='word_1_39' title='bbox 1182 566 1250 615; x_wconf 91' lang='lat' dir='ltr'><strong>sol</strong></span> <span class='ocrx_word' id='word_1_40' title='bbox 1281 567 1535 626; x_wconf 87' lang='lat' dir='ltr'><strong>occidebat,</strong></span> <span class='ocrx_word' id='word_1_41' title='bbox 1571 587 1673 618; x_wconf 88' lang='lat' dir='ltr'><strong>cum</strong></span> 
     </span>
     <span class='ocr_line' id='line_1_6' title="bbox 249 640 1674 710; baseline 0.007 -25"><span class='ocrx_word' id='word_1_42' title='bbox 249 664 274 686; x_wconf 88' lang='lat'>»</span> <span class='ocrx_word' id='word_1_43' title='bbox 303 640 440 704; x_wconf 77' lang='lat' dir='ltr'><strong>gradu</strong></span> <span class='ocrx_word' id='word_1_44' title='bbox 463 653 530 689; x_wconf 81' lang='lat' dir='ltr'><strong>XII</strong></span> <span class='ocrx_word' id='word_1_45' title='bbox 556 640 830 706; x_wconf 79' lang='lat' dir='ltr'><strong>ScorpioniS,</strong></span> <span class='ocrx_word' id='word_1_46' title='bbox 858 653 951 690; x_wconf 89' lang='lat' dir='ltr'><strong>tum</strong></span> <span class='ocrx_word' id='word_1_47' title='bbox 974 642 1183 710; x_wconf 88' lang='lat' dir='ltr'><strong>temporis</strong></span> <span class='ocrx_word' id='word_1_48' title='bbox 1210 644 1323 693; x_wconf 86' lang='lat' dir='ltr'><strong>circa</strong></span> <span class='ocrx_word' id='word_1_49' title='bbox 1342 645 1460 694; x_wconf 83' lang='lat' dir='ltr'><strong>diem</strong></span> <span class='ocrx_word' id='word_1_50' title='bbox 1484 658 1555 694; x_wconf 84' lang='lat' dir='ltr'><strong>vn</strong></span> <span class='ocrx_word' id='word_1_51' title='bbox 1581 646 1674 695; x_wconf 89' lang='lat' dir='ltr'><strong>Oc-</strong></span> 
     </span>
     <span class='ocr_line' id='line_1_7' title="bbox 249 717 1670 785; baseline 0.007 -23"><span class='ocrx_word' id='word_1_52' title='bbox 249 742 272 763; x_wconf 82' lang='lat'>»</span> <span class='ocrx_word' id='word_1_53' title='bbox 301 719 459 767; x_wconf 88' lang='lat' dir='ltr'><strong>tobris.</strong></span> <span class='ocrx_word' id='word_1_54' title='bbox 490 717 629 766; x_wconf 87' lang='lat' dir='ltr'><strong>Addit</strong></span> <span class='ocrx_word' id='word_1_55' title='bbox 658 730 864 785; x_wconf 79' lang='lat' dir='ltr'><strong>praeterea</strong></span> <span class='ocrx_word' id='word_1_56' title='bbox 889 738 1026 785; x_wconf 90' lang='lat' dir='ltr'><strong>quum</strong></span> <span class='ocrx_word' id='word_1_57' title='bbox 1049 721 1230 769; x_wconf 79' lang='lat' dir='ltr'><strong>Lucifer</strong></span> <span class='ocrx_word' id='word_1_58' title='bbox 1262 722 1474 785; x_wconf 84' lang='lat' dir='ltr'><strong>oriretur,</strong></span> <span class='ocrx_word' id='word_1_59' title='bbox 1498 723 1670 772; x_wconf 77' lang='lat' dir='ltr'><strong>Lunam</strong></span> 
     </span>
     <span class='ocr_line' id='line_1_8' title="bbox 249 794 1672 864; baseline 0.007 -26"><span class='ocrx_word' id='word_1_60' title='bbox 249 818 274 839; x_wconf 71' lang='lat'><strong>2&gt;</strong></span> <span class='ocrx_word' id='word_1_61' title='bbox 301 795 435 844; x_wconf 88' lang='lat' dir='ltr'><strong>fuisse</strong></span> <span class='ocrx_word' id='word_1_62' title='bbox 470 795 559 844; x_wconf 80' lang='lat' dir='ltr'><strong>fere</strong></span> <span class='ocrx_word' id='word_1_63' title='bbox 593 794 639 842; x_wconf 90' lang='lat' dir='ltr'><strong>in</strong></span> <span class='ocrx_word' id='word_1_64' title='bbox 673 794 817 842; x_wconf 89' lang='lat' dir='ltr'><strong>medio</strong></span> <span class='ocrx_word' id='word_1_65' title='bbox 852 795 955 843; x_wconf 85' lang='lat' dir='ltr'><strong>caelo</strong></span> <span class='ocrx_word' id='word_1_66' title='bbox 991 816 1000 844; x_wconf 93' lang='lat'>:</span> <span class='ocrx_word' id='word_1_67' title='bbox 1035 816 1124 863; x_wconf 92' lang='lat' dir='ltr'><strong>quo</strong></span> <span class='ocrx_word' id='word_1_68' title='bbox 1141 797 1290 851; x_wconf 82' lang='lat' dir='ltr'><strong>innuit</strong></span> <span class='ocrx_word' id='word_1_69' title='bbox 1316 797 1557 847; x_wconf 86' lang='lat' dir='ltr'><strong>discessum</strong></span> <span class='ocrx_word' id='word_1_70' title='bbox 1578 798 1672 864; x_wconf 84' lang='lat' dir='ltr'><strong>ejus</strong></span> 
     </span>
     <span class='ocr_line' id='line_1_9' title="bbox 249 872 1668 940; baseline 0.004 -21"><span class='ocrx_word' id='word_1_71' title='bbox 249 898 273 919; x_wconf 83' lang='lat'><strong>&gt;›</strong></span> <span class='ocrx_word' id='word_1_72' title='bbox 301 874 505 923; x_wconf 87' lang='lat' dir='ltr'><strong>incidisse</strong></span> <span class='ocrx_word' id='word_1_73' title='bbox 537 884 643 939; x_wconf 89' lang='lat' dir='ltr'><strong>post</strong></span> <span class='ocrx_word' id='word_1_74' title='bbox 674 872 845 939; x_wconf 84' lang='lat' dir='ltr'><strong>aliquot</strong></span> <span class='ocrx_word' id='word_1_75' title='bbox 883 873 996 932; x_wconf 88' lang='lat' dir='ltr'><strong>dies,</strong></span> <span class='ocrx_word' id='word_1_76' title='bbox 1023 893 1158 940; x_wconf 88' lang='lat' dir='ltr'><strong>quum</strong></span> <span class='ocrx_word' id='word_1_77' title='bbox 1191 876 1318 923; x_wconf 90' lang='lat' dir='ltr'><strong>Luna</strong></span> <span class='ocrx_word' id='word_1_78' title='bbox 1344 873 1474 940; x_wconf 89' lang='lat' dir='ltr'><strong>plena</strong></span> <span class='ocrx_word' id='word_1_79' title='bbox 1501 875 1668 925; x_wconf 87' lang='lat' dir='ltr'><strong>fuisset.</strong></span> 
     </span>
     <span class='ocr_line' id='line_1_10' title="bbox 248 950 1669 1014; baseline 0 -14"><span class='ocrx_word' id='word_1_80' title='bbox 248 974 272 995; x_wconf 88' lang='lat'><strong>&gt;›</strong></span> <span class='ocrx_word' id='word_1_81' title='bbox 297 951 435 1001; x_wconf 82' lang='lat' dir='ltr'><strong>Plena</strong></span> <span class='ocrx_word' id='word_1_82' title='bbox 471 962 615 999; x_wconf 86' lang='lat' dir='ltr'><strong>autem</strong></span> <span class='ocrx_word' id='word_1_83' title='bbox 646 950 731 998; x_wconf 84' lang='lat' dir='ltr'><strong>fuit</strong></span> <span class='ocrx_word' id='word_1_84' title='bbox 762 951 844 998; x_wconf 89' lang='lat' dir='ltr'><strong>hoc</strong></span> <span class='ocrx_word' id='word_1_85' title='bbox 869 969 984 998; x_wconf 82' lang='lat' dir='ltr'><strong>anno</strong></span> <span class='ocrx_word' id='word_1_86' title='bbox 1012 950 1098 1014; x_wconf 85' lang='lat' dir='ltr'><strong>(C.</strong></span> <span class='ocrx_word' id='word_1_87' title='bbox 1126 963 1220 999; x_wconf 83' lang='lat' dir='ltr'>VIII</span> <span class='ocrx_word' id='word_1_88' title='bbox 1238 989 1250 1010; x_wconf 86' lang='lat'>‚</span> <span class='ocrx_word' id='word_1_89' title='bbox 1274 954 1330 999; x_wconf 91' lang='lat' dir='ltr'><strong>U.</strong></span> <span class='ocrx_word' id='word_1_90' title='bbox 1359 952 1409 999; x_wconf 85' lang='lat' dir='ltr'><strong>C.</strong></span> <span class='ocrx_word' id='word_1_91' title='bbox 1435 954 1669 1014; x_wconf 82' lang='lat' dir='ltr'>DCCLXI),</span> 
     </span>
     <span class='ocr_line' id='line_1_11' title="bbox 247 1027 729 1078; baseline -0.008 0"><span class='ocrx_word' id='word_1_92' title='bbox 247 1053 272 1073; x_wconf 86' lang='lat'>»</span> <span class='ocrx_word' id='word_1_93' title='bbox 301 1029 370 1078; x_wconf 84' lang='lat' dir='ltr'><strong>die</strong></span> <span class='ocrx_word' id='word_1_94' title='bbox 394 1042 431 1077; x_wconf 93' lang='lat' dir='ltr'><strong>II</strong></span> <span class='ocrx_word' id='word_1_95' title='bbox 452 1027 684 1077; x_wconf 84' lang='lat' dir='ltr'><strong>Octobris.</strong></span> <span class='ocrx_word' id='word_1_96' title='bbox 707 1049 729 1069; x_wconf 84' lang='lat'>»</span> 
     </span>
    </p>

    <p class='ocr_par' dir='ltr' id='par_1_3' title="bbox 243 1102 1672 1246">
     <span class='ocr_line' id='line_1_12' title="bbox 310 1102 1672 1169; baseline -0.001 -16"><span class='ocrx_word' id='word_1_97' title='bbox 310 1107 429 1153; x_wconf 89' lang='lat' dir='ltr'><strong>Loca</strong></span> <span class='ocrx_word' id='word_1_98' title='bbox 451 1117 595 1153; x_wconf 85' lang='lat' dir='ltr'><strong>tamen</strong></span> <span class='ocrx_word' id='word_1_99' title='bbox 611 1141 622 1162; x_wconf 90' lang='lat'>‚</span> <span class='ocrx_word' id='word_1_100' title='bbox 648 1122 743 1169; x_wconf 87' lang='lat' dir='ltr'><strong>quae</strong></span> <span class='ocrx_word' id='word_1_101' title='bbox 775 1102 826 1150; x_wconf 88' lang='lat' dir='ltr'><strong>cl.</strong></span> <span class='ocrx_word' id='word_1_102' title='bbox 865 1103 931 1150; x_wconf 90' lang='lat' dir='ltr'><strong>vir</strong></span> <span class='ocrx_word' id='word_1_103' title='bbox 964 1104 1023 1151; x_wconf 91' lang='lat' dir='ltr'><strong>ob</strong></span> <span class='ocrx_word' id='word_1_104' title='bbox 1050 1102 1202 1152; x_wconf 89' lang='lat' dir='ltr'><strong>oculos</strong></span> <span class='ocrx_word' id='word_1_105' title='bbox 1222 1104 1442 1163; x_wconf 84' lang='lat' dir='ltr'><strong>habebat,</strong></span> <span class='ocrx_word' id='word_1_106' title='bbox 1466 1122 1558 1152; x_wconf 91' lang='lat' dir='ltr'><strong>rem</strong></span> <span class='ocrx_word' id='word_1_107' title='bbox 1581 1122 1672 1152; x_wconf 89' lang='lat' dir='ltr'><strong>non</strong></span> 
     </span>
     <span class='ocr_line' id='line_1_13' title="bbox 243 1180 1152 1246; baseline -0.004 -15"><span class='ocrx_word' id='word_1_108' title='bbox 243 1183 462 1231; x_wconf 87' lang='lat' dir='ltr'><strong>evincunt.</strong></span> <span class='ocrx_word' id='word_1_109' title='bbox 486 1181 617 1231; x_wconf 86' lang='lat' dir='ltr'><strong>Prior</strong></span> <span class='ocrx_word' id='word_1_110' title='bbox 638 1180 813 1246; x_wconf 87' lang='lat' dir='ltr'><strong>quidem</strong></span> <span class='ocrx_word' id='word_1_111' title='bbox 839 1199 945 1228; x_wconf 89' lang='lat' dir='ltr'><strong>vers.</strong></span> <span class='ocrx_word' id='word_1_112' title='bbox 979 1198 996 1227; x_wconf 94' lang='lat'>1</span> <span class='ocrx_word' id='word_1_113' title='bbox 1027 1192 1070 1229; x_wconf 91' lang='lat' dir='ltr'><strong>et</strong></span> <span class='ocrx_word' id='word_1_114' title='bbox 1094 1197 1122 1227; x_wconf 89' lang='lat'><strong>2</strong></span> <span class='ocrx_word' id='word_1_115' title='bbox 1142 1200 1152 1228; x_wconf 92' lang='lat'>:</span> 
     </span>
    </p>
   </div>
   <div class='ocr_carea' id='block_1_3' title="bbox 456 1283 1407 1393">
    <p class='ocr_par' dir='ltr' id='par_1_4' title="bbox 456 1283 1407 1393">
     <span class='ocr_line' id='line_1_14' title="bbox 456 1283 1407 1333; baseline -0.002 -12"><span class='ocrx_word' id='word_1_116' title='bbox 456 1286 620 1333; x_wconf 86' lang='lat' dir='ltr'><strong>Tingitur</strong></span> <span class='ocrx_word' id='word_1_117' title='bbox 637 1286 783 1321; x_wconf 87' lang='lat' dir='ltr'><strong>Oceano</strong></span> <span class='ocrx_word' id='word_1_118' title='bbox 798 1292 911 1320; x_wconf 85' lang='lat' dir='ltr'><strong>custos</strong></span> <span class='ocrx_word' id='word_1_119' title='bbox 926 1286 941 1305; x_wconf 81' lang='lat'>²</span> <span class='ocrx_word' id='word_1_120' title='bbox 960 1284 1234 1332; x_wconf 83' lang='lat' dir='ltr'><strong>Erymanthidos</strong></span> <span class='ocrx_word' id='word_1_121' title='bbox 1253 1284 1356 1320; x_wconf 84' lang='lat' dir='ltr'><strong>Ursae</strong></span> <span class='ocrx_word' id='word_1_122' title='bbox 1370 1283 1384 1304; x_wconf 82' lang='lat'><strong>³</strong></span> <span class='ocrx_word' id='word_1_123' title='bbox 1398 1310 1407 1327; x_wconf 91' lang='lat'>,</span> 
     </span>
     <span class='ocr_line' id='line_1_15' title="bbox 509 1345 1256 1393; baseline -0.001 -13"><span class='ocrx_word' id='word_1_124' title='bbox 509 1347 776 1393; x_wconf 87' lang='lat' dir='ltr'><strong>AEquoreasque</strong></span> <span class='ocrx_word' id='word_1_125' title='bbox 792 1359 853 1381; x_wconf 86' lang='lat' dir='ltr'><strong>suo</strong></span> <span class='ocrx_word' id='word_1_126' title='bbox 869 1345 982 1381; x_wconf 81' lang='lat' dir='ltr'><strong>sidere</strong></span> <span class='ocrx_word' id='word_1_127' title='bbox 998 1345 1114 1379; x_wconf 85' lang='lat' dir='ltr'><strong>turbat</strong></span> <span class='ocrx_word' id='word_1_128' title='bbox 1129 1357 1256 1391; x_wconf 79' lang='lat' dir='ltr'><strong>aquas-t</strong></span> 
     </span>
    </p>
   </div>
   <div class='ocr_carea' id='block_1_4' title="bbox 238 1434 1670 1727">
    <p class='ocr_par' dir='ltr' id='par_1_5' title="bbox 238 1434 1670 1727">
     <span class='ocr_line' id='line_1_16' title="bbox 242 1434 1669 1502; baseline -0.003 -14"><span class='ocrx_word' id='word_1_129' title='bbox 242 1438 437 1488; x_wconf 85' lang='lat' dir='ltr'><strong>ostendit</strong></span> <span class='ocrx_word' id='word_1_130' title='bbox 458 1439 686 1487; x_wconf 84' lang='lat' dir='ltr'><strong>Arcturum</strong></span> <span class='ocrx_word' id='word_1_131' title='bbox 710 1448 804 1485; x_wconf 87' lang='lat' dir='ltr'><strong>tum</strong></span> <span class='ocrx_word' id='word_1_132' title='bbox 828 1435 1061 1494; x_wconf 82' lang='lat' dir='ltr'><strong>occidisse,</strong></span> <span class='ocrx_word' id='word_1_133' title='bbox 1089 1454 1226 1502; x_wconf 89' lang='lat' dir='ltr'><strong>quum</strong></span> <span class='ocrx_word' id='word_1_134' title='bbox 1249 1435 1342 1484; x_wconf 87' lang='lat' dir='ltr'><strong>haec</strong></span> <span class='ocrx_word' id='word_1_135' title='bbox 1362 1437 1482 1485; x_wconf 82' lang='lat' dir='ltr'><strong>Naso</strong></span> <span class='ocrx_word' id='word_1_136' title='bbox 1506 1434 1669 1485; x_wconf 84' lang='lat' dir='ltr'><strong>scribe-</strong></span> 
     </span>
     <span class='ocr_line' id='line_1_17' title="bbox 241 1507 1670 1579; baseline -0.003 -14"><span class='ocrx_word' id='word_1_137' title='bbox 241 1529 331 1574; x_wconf 87' lang='lat' dir='ltr'><strong>ret;</strong></span> <span class='ocrx_word' id='word_1_138' title='bbox 348 1516 395 1564; x_wconf 92' lang='lat' dir='ltr'><strong>id</strong></span> <span class='ocrx_word' id='word_1_139' title='bbox 408 1527 475 1564; x_wconf 90' lang='lat' dir='ltr'><strong>est</strong></span> <span class='ocrx_word' id='word_1_140' title='bbox 486 1553 497 1573; x_wconf 92' lang='lat'>,</span> <span class='ocrx_word' id='word_1_141' title='bbox 511 1534 603 1562; x_wconf 89' lang='lat' dir='ltr'><strong>non</strong></span> <span class='ocrx_word' id='word_1_142' title='bbox 618 1525 732 1562; x_wconf 84' lang='lat' dir='ltr'><strong>certe</strong></span> <span class='ocrx_word' id='word_1_143' title='bbox 750 1532 886 1579; x_wconf 90' lang='lat' dir='ltr'><strong>quum</strong></span> <span class='ocrx_word' id='word_1_144' title='bbox 898 1515 1041 1561; x_wconf 85' lang='lat' dir='ltr'><strong>Roma</strong></span> <span class='ocrx_word' id='word_1_145' title='bbox 1057 1511 1424 1578; x_wconf 78' lang='lat' dir='ltr'><strong>proficisceretur,</strong></span> <span class='ocrx_word' id='word_1_146' title='bbox 1436 1511 1513 1562; x_wconf 87' lang='lat' dir='ltr'><strong>sed</strong></span> <span class='ocrx_word' id='word_1_147' title='bbox 1531 1507 1670 1578; x_wconf 81' lang='lat' dir='ltr'><strong>quum</strong></span> 
     </span>
     <span class='ocr_line' id='line_1_18' title="bbox 238 1589 1664 1661; baseline -0.004 -18"><span class='ocrx_word' id='word_1_148' title='bbox 238 1596 327 1661; x_wconf 86' lang='lat' dir='ltr'><strong>jam</strong></span> <span class='ocrx_word' id='word_1_149' title='bbox 348 1595 395 1642; x_wconf 90' lang='lat' dir='ltr'><strong>in</strong></span> <span class='ocrx_word' id='word_1_150' title='bbox 419 1593 528 1642; x_wconf 87' lang='lat' dir='ltr'><strong>mari</strong></span> <span class='ocrx_word' id='word_1_151' title='bbox 549 1603 661 1640; x_wconf 87' lang='lat' dir='ltr'><strong>esset</strong></span> <span class='ocrx_word' id='word_1_152' title='bbox 675 1629 687 1650; x_wconf 86' lang='lat'>‚</span> <span class='ocrx_word' id='word_1_153' title='bbox 712 1610 760 1639; x_wconf 86' lang='lat' dir='ltr'><strong>ac</strong></span> <span class='ocrx_word' id='word_1_154' title='bbox 783 1590 971 1657; x_wconf 88' lang='lat' dir='ltr'><strong>proinde</strong></span> <span class='ocrx_word' id='word_1_155' title='bbox 984 1608 1131 1638; x_wconf 89' lang='lat' dir='ltr'><strong>mense</strong></span> <span class='ocrx_word' id='word_1_156' title='bbox 1148 1589 1409 1643; x_wconf 85' lang='lat' dir='ltr'><strong>citissimum</strong></span> <span class='ocrx_word' id='word_1_157' title='bbox 1425 1589 1664 1646; x_wconf 75' lang='lat' dir='ltr'><strong>Decembri,</strong></span> 
     </span>
     <span class='ocr_line' id='line_1_19' title="bbox 245 1664 1475 1727; baseline -0.004 -8"><span class='ocrx_word' id='word_1_158' title='bbox 245 1690 295 1719; x_wconf 87' lang='lat' dir='ltr'><strong>ex</strong></span> <span class='ocrx_word' id='word_1_159' title='bbox 321 1669 454 1719; x_wconf 91' lang='lat' dir='ltr'><strong>modo</strong></span> <span class='ocrx_word' id='word_1_160' title='bbox 482 1669 625 1717; x_wconf 87' lang='lat' dir='ltr'><strong>dictis.</strong></span> <span class='ocrx_word' id='word_1_161' title='bbox 652 1667 792 1715; x_wconf 86' lang='lat' dir='ltr'><strong>Addit</strong></span> <span class='ocrx_word' id='word_1_162' title='bbox 814 1667 931 1715; x_wconf 90' lang='lat' dir='ltr'><strong>enim</strong></span> <span class='ocrx_word' id='word_1_163' title='bbox 953 1667 1141 1724; x_wconf 87' lang='lat' dir='ltr'><strong>Noster,</strong></span> <span class='ocrx_word' id='word_1_164' title='bbox 1165 1685 1275 1715; x_wconf 87' lang='lat' dir='ltr'><strong>vers.</strong></span> <span class='ocrx_word' id='word_1_165' title='bbox 1301 1664 1330 1713; x_wconf 87' lang='grc'>3</span> <span class='ocrx_word' id='word_1_166' title='bbox 1349 1678 1393 1715; x_wconf 92' lang='lat' dir='ltr'><strong>et</strong></span> <span class='ocrx_word' id='word_1_167' title='bbox 1414 1667 1475 1727; x_wconf 73' lang='lat'><strong>4:</strong></span> 
     </span>
    </p>
   </div>
   <div class='ocr_carea' id='block_1_5' title="bbox 462 1776 1377 1885">
    <p class='ocr_par' dir='ltr' id='par_1_6' title="bbox 462 1776 1377 1885">
     <span class='ocr_line' id='line_1_20' title="bbox 462 1776 1362 1822; baseline -0.004 -8"><span class='ocrx_word' id='word_1_168' title='bbox 462 1779 535 1815; x_wconf 84' lang='lat' dir='ltr'><strong>Nos</strong></span> <span class='ocrx_word' id='word_1_169' title='bbox 550 1785 670 1813; x_wconf 86' lang='lat' dir='ltr'><strong>tamen</strong></span> <span class='ocrx_word' id='word_1_170' title='bbox 686 1776 827 1812; x_wconf 88' lang='lat' dir='ltr'><strong>Ionium</strong></span> <span class='ocrx_word' id='word_1_171' title='bbox 845 1789 919 1811; x_wconf 84' lang='lat' dir='ltr'><strong>nou</strong></span> <span class='ocrx_word' id='word_1_172' title='bbox 937 1782 1055 1811; x_wconf 77' lang='lat' dir='ltr'><strong>nostra</strong></span> <span class='ocrx_word' id='word_1_173' title='bbox 1070 1776 1239 1812; x_wconf 84' lang='lat' dir='ltr'><strong>findimus</strong></span> <span class='ocrx_word' id='word_1_174' title='bbox 1253 1789 1362 1822; x_wconf 66' lang='lat' dir='ltr'><strong>equor</strong></span> 
     </span>
     <span class='ocr_line' id='line_1_21' title="bbox 502 1837 1377 1885; baseline -0.006 -9"><span class='ocrx_word' id='word_1_175' title='bbox 502 1840 636 1885; x_wconf 85' lang='lat' dir='ltr'><strong>Sponte</strong></span> <span class='ocrx_word' id='word_1_176' title='bbox 651 1851 660 1881; x_wconf 89' lang='lat'>;</span> <span class='ocrx_word' id='word_1_177' title='bbox 681 1838 742 1874; x_wconf 90' lang='lat' dir='ltr'><strong>sed</strong></span> <span class='ocrx_word' id='word_1_178' title='bbox 757 1837 903 1874; x_wconf 83' lang='lat' dir='ltr'><strong>audaces</strong></span> <span class='ocrx_word' id='word_1_179' title='bbox 917 1837 1075 1882; x_wconf 85' lang='lat' dir='ltr'><strong>cogimur</strong></span> <span class='ocrx_word' id='word_1_180' title='bbox 1090 1850 1162 1872; x_wconf 85' lang='lat' dir='ltr'><strong>esse</strong></span> <span class='ocrx_word' id='word_1_181' title='bbox 1177 1844 1274 1873; x_wconf 86' lang='lat' dir='ltr'><strong>metu</strong></span> <span class='ocrx_word' id='word_1_182' title='bbox 1285 1862 1295 1881; x_wconf 90' lang='lat'><em>,</em></span> <span class='ocrx_word' id='word_1_183' title='bbox 1313 1844 1377 1873; x_wconf 81' lang='lat' dir='ltr'><strong>etc.</strong></span> 
     </span>
    </p>
   </div>
   <div class='ocr_carea' id='block_1_6' title="bbox 246 1927 1600 1998">
    <p class='ocr_par' dir='ltr' id='par_1_7' title="bbox 246 1927 1600 1998">
     <span class='ocr_line' id='line_1_22' title="bbox 246 1927 1600 1998; baseline -0.007 -16"><span class='ocrx_word' id='word_1_184' title='bbox 246 1934 370 1998; x_wconf 80' lang='lat' dir='ltr'><strong>Quin</strong></span> <span class='ocrx_word' id='word_1_185' title='bbox 395 1933 484 1980; x_wconf 88' lang='lat' dir='ltr'><strong>imo</strong></span> <span class='ocrx_word' id='word_1_186' title='bbox 509 1942 602 1978; x_wconf 85' lang='lat' dir='ltr'><strong>tum</strong></span> <span class='ocrx_word' id='word_1_187' title='bbox 621 1928 754 1977; x_wconf 83' lang='lat' dir='ltr'><em>Italia</em></span> <span class='ocrx_word' id='word_1_188' title='bbox 771 1927 1021 1975; x_wconf 84' lang='lat' dir='ltr'><strong>adhucdum</strong></span> <span class='ocrx_word' id='word_1_189' title='bbox 1043 1927 1317 1987; x_wconf 84' lang='lat' dir='ltr'><strong>cernebatur,</strong></span> <span class='ocrx_word' id='word_1_190' title='bbox 1336 1947 1398 1976; x_wconf 86' lang='lat' dir='ltr'><strong>vs.</strong></span> <span class='ocrx_word' id='word_1_191' title='bbox 1433 1946 1600 1995; x_wconf 83' lang='lat'>17-20:</span> 
     </span>
    </p>
   </div>
   <div class='ocr_carea' id='block_1_7' title="bbox 466 2038 1272 2145">
    <p class='ocr_par' dir='ltr' id='par_1_8' title="bbox 466 2038 1272 2145">
     <span class='ocr_line' id='line_1_23' title="bbox 466 2038 1272 2087; baseline -0.002 -12"><span class='ocrx_word' id='word_1_192' title='bbox 466 2041 576 2087; x_wconf 87' lang='lat' dir='ltr'><strong>Quod</strong></span> <span class='ocrx_word' id='word_1_193' title='bbox 594 2040 658 2074; x_wconf 87' lang='lat' dir='ltr'><strong>nisi</strong></span> <span class='ocrx_word' id='word_1_194' title='bbox 677 2045 826 2074; x_wconf 76' lang='lat' dir='ltr'><strong>mutatas</strong></span> <span class='ocrx_word' id='word_1_195' title='bbox 842 2038 996 2073; x_wconf 87' lang='lat' dir='ltr'><strong>emiserit</strong></span> <span class='ocrx_word' id='word_1_196' title='bbox 1011 2038 1136 2073; x_wconf 86' lang='lat' dir='ltr'><strong>AEolus</strong></span> <span class='ocrx_word' id='word_1_197' title='bbox 1154 2051 1251 2073; x_wconf 85' lang='lat' dir='ltr'><strong>auras</strong></span> <span class='ocrx_word' id='word_1_198' title='bbox 1263 2065 1272 2082; x_wconf 94' lang='lat'>,</span> 
     </span>
     <span class='ocr_line' id='line_1_24' title="bbox 506 2098 1227 2145; baseline -0.004 -10"><span class='ocrx_word' id='word_1_199' title='bbox 506 2101 549 2135; x_wconf 92' lang='lat' dir='ltr'><strong>In</strong></span> <span class='ocrx_word' id='word_1_200' title='bbox 567 2100 641 2135; x_wconf 84' lang='lat' dir='ltr'><strong>loca</strong></span> <span class='ocrx_word' id='word_1_201' title='bbox 657 2101 729 2145; x_wconf 83' lang='lat' dir='ltr'><strong>jam</strong></span> <span class='ocrx_word' id='word_1_202' title='bbox 744 2099 843 2133; x_wconf 90' lang='lat' dir='ltr'><strong>nobis</strong></span> <span class='ocrx_word' id='word_1_203' title='bbox 859 2111 932 2133; x_wconf 89' lang='lat' dir='ltr'><strong>non</strong></span> <span class='ocrx_word' id='word_1_204' title='bbox 949 2098 1109 2133; x_wconf 77' lang='lat' dir='ltr'><strong>adeunda</strong></span> <span class='ocrx_word' id='word_1_205' title='bbox 1124 2099 1227 2144; x_wconf 79' lang='lat' dir='ltr'><strong>ferar.</strong></span> 
     </span>
    </p>
   </div>
   <div class='ocr_carea' id='block_1_8' title="bbox 462 2158 1315 2258">
    <p class='ocr_par' dir='ltr' id='par_1_9' title="bbox 462 2158 1315 2258">
     <span class='ocr_line' id='line_1_25' title="bbox 462 2158 1315 2207; baseline -0.002 -10"><span class='ocrx_word' id='word_1_206' title='bbox 462 2162 554 2198; x_wconf 83' lang='lat' dir='ltr'><strong>Nam</strong></span> <span class='ocrx_word' id='word_1_207' title='bbox 571 2161 713 2206; x_wconf 89' lang='lat' dir='ltr'><strong>procul,</strong></span> <span class='ocrx_word' id='word_1_208' title='bbox 732 2162 881 2207; x_wconf 75' lang='lat' dir='ltr'><strong>Illyricis</strong></span> <span class='ocrx_word' id='word_1_209' title='bbox 897 2160 978 2194; x_wconf 84' lang='lat' dir='ltr'><strong>laeva</strong></span> <span class='ocrx_word' id='word_1_210' title='bbox 996 2158 1038 2193; x_wconf 88' lang='lat' dir='ltr'><strong>de</strong></span> <span class='ocrx_word' id='word_1_211' title='bbox 1056 2166 1152 2204; x_wconf 78' lang='lat' dir='ltr'><strong>parte</strong></span> <span class='ocrx_word' id='word_1_212' title='bbox 1170 2159 1315 2203; x_wconf 86' lang='lat' dir='ltr'><strong>relictis,</strong></span> 
     </span>
     <span class='ocr_line' id='line_1_26' title="bbox 503 2221 1105 2258; baseline -0.002 0"><span class='ocrx_word' id='word_1_213' title='bbox 503 2222 695 2258; x_wconf 85' lang='lat' dir='ltr'><strong>Interdicta</strong></span> <span class='ocrx_word' id='word_1_214' title='bbox 711 2221 798 2256; x_wconf 87' lang='lat' dir='ltr'><strong>mihi</strong></span> <span class='ocrx_word' id='word_1_215' title='bbox 817 2221 974 2256; x_wconf 79' lang='lat' dir='ltr'><strong>cernitur</strong></span> <span class='ocrx_word' id='word_1_216' title='bbox 987 2223 1105 2257; x_wconf 58' lang='lat' dir='ltr'><strong>Italae.</strong></span> 
     </span>
    </p>
   </div>
   <div class='ocr_carea' id='block_1_9' title="bbox 245 2331 1666 2436">
    <p class='ocr_par' dir='ltr' id='par_1_10' title="bbox 245 2331 1666 2436">
     <span class='ocr_line' id='line_1_27' title="bbox 290 2331 1663 2379; baseline -0.004 -8"><span class='ocrx_word' id='word_1_217' title='bbox 290 2341 301 2359; x_wconf 90' lang='lat'>¹</span> <span class='ocrx_word' id='word_1_218' title='bbox 327 2337 384 2371; x_wconf 84' lang='lat' dir='ltr'><strong>Sic</strong></span> <span class='ocrx_word' id='word_1_219' title='bbox 400 2343 436 2370; x_wconf 85' lang='lat' dir='ltr'><strong>et</strong></span> <span class='ocrx_word' id='word_1_220' title='bbox 452 2342 532 2370; x_wconf 76' lang='lat' dir='ltr'><strong>ante</strong></span> <span class='ocrx_word' id='word_1_221' title='bbox 547 2333 618 2379; x_wconf 87' lang='lat' dir='ltr'><strong>ipse</strong></span> <span class='ocrx_word' id='word_1_222' title='bbox 636 2335 794 2378; x_wconf 69' lang='lat' dir='ltr'><strong>Scaliger,</strong></span> <span class='ocrx_word' id='word_1_223' title='bbox 811 2332 871 2378; x_wconf 89' lang='lat' dir='ltr'><strong>qui</strong></span> <span class='ocrx_word' id='word_1_224' title='bbox 888 2332 1027 2379; x_wconf 86' lang='lat' dir='ltr'><strong>Prolog.</strong></span> <span class='ocrx_word' id='word_1_225' title='bbox 1045 2333 1088 2367; x_wconf 88' lang='lat' dir='ltr'><strong>ad</strong></span> <span class='ocrx_word' id='word_1_226' title='bbox 1105 2332 1240 2367; x_wconf 83' lang='lat' dir='ltr'><strong>Chron.</strong></span> <span class='ocrx_word' id='word_1_227' title='bbox 1259 2331 1385 2367; x_wconf 89' lang='lat' dir='ltr'><strong>Euseb.</strong></span> <span class='ocrx_word' id='word_1_228' title='bbox 1398 2344 1471 2376; x_wconf 85' lang='lat' dir='ltr'>pag.</span> <span class='ocrx_word' id='word_1_229' title='bbox 1496 2331 1535 2366; x_wconf 77' lang='lat'><strong>15</strong></span> <span class='ocrx_word' id='word_1_230' title='bbox 1546 2358 1556 2375; x_wconf 90' lang='lat'><em>,</em></span> <span class='ocrx_word' id='word_1_231' title='bbox 1580 2344 1663 2377; x_wconf 78' lang='lat' dir='ltr'><strong>pro—</strong></span> 
     </span>
     <span class='ocr_line' id='line_1_28' title="bbox 245 2388 1666 2436; baseline -0.005 -6"><span class='ocrx_word' id='word_1_232' title='bbox 245 2396 327 2430; x_wconf 87' lang='lat' dir='ltr'><strong>bare</strong></span> <span class='ocrx_word' id='word_1_233' title='bbox 341 2401 505 2436; x_wconf 80' lang='lat' dir='ltr'><strong>conatur,</strong></span> <span class='ocrx_word' id='word_1_234' title='bbox 528 2390 648 2427; x_wconf 84' lang='lat' dir='ltr'><strong>Ovidii</strong></span> <span class='ocrx_word' id='word_1_235' title='bbox 664 2390 851 2425; x_wconf 87' lang='lat' dir='ltr'><strong>discessum</strong></span> <span class='ocrx_word' id='word_1_236' title='bbox 867 2402 911 2424; x_wconf 84' lang='lat' dir='ltr'><strong>ex</strong></span> <span class='ocrx_word' id='word_1_237' title='bbox 934 2390 1022 2424; x_wconf 88' lang='lat' dir='ltr'><strong>urbe</strong></span> <span class='ocrx_word' id='word_1_238' title='bbox 1039 2389 1220 2436; x_wconf 84' lang='lat' dir='ltr'><strong>contigisse</strong></span> <span class='ocrx_word' id='word_1_239' title='bbox 1237 2399 1308 2423; x_wconf 91' lang='lat' dir='ltr'>v111</span> <span class='ocrx_word' id='word_1_240' title='bbox 1324 2396 1383 2423; x_wconf 86' lang='lat' dir='ltr'><strong>aut</strong></span> <span class='ocrx_word' id='word_1_241' title='bbox 1408 2398 1463 2423; x_wconf 79' lang='lat' dir='ltr'><strong>vn</strong></span> <span class='ocrx_word' id='word_1_242' title='bbox 1486 2388 1570 2424; x_wconf 80' lang='lat' dir='ltr'><strong>Idus</strong></span> <span class='ocrx_word' id='word_1_243' title='bbox 1584 2389 1666 2424; x_wconf 72' lang='lat' dir='ltr'><strong>No-</strong></span> 
     </span>
    </p>
   </div>
   <div class='ocr_carea' id='block_1_10' title="bbox 247 2447 1665 2555">
    <p class='ocr_par' dir='ltr' id='par_1_11' title="bbox 247 2447 1665 2555">
     <span class='ocr_line' id='line_1_29' title="bbox 247 2447 1112 2494; baseline -0.012 -8"><span class='ocrx_word' id='word_1_244' title='bbox 247 2451 362 2486; x_wconf 84' lang='lat' dir='ltr'><strong>vemb.</strong></span> <span class='ocrx_word' id='word_1_245' title='bbox 378 2463 453 2485; x_wconf 86' lang='lat' dir='ltr'><strong>non</strong></span> <span class='ocrx_word' id='word_1_246' title='bbox 469 2449 571 2494; x_wconf 80' lang='lat' dir='ltr'><strong>longe</strong></span> <span class='ocrx_word' id='word_1_247' title='bbox 588 2461 607 2482; x_wconf 85' lang='lat' dir='ltr'>a</span> <span class='ocrx_word' id='word_1_248' title='bbox 622 2447 823 2493; x_wconf 78' lang='lat' dir='ltr'><strong>plenilunio.</strong></span> <span class='ocrx_word' id='word_1_249' title='bbox 1110 2478 1112 2480; x_wconf 63' lang='grc'>,</span> 
     </span>
     <span class='ocr_line' id='line_1_30' title="bbox 290 2504 1665 2555; baseline -0.005 -10"><span class='ocrx_word' id='word_1_250' title='bbox 290 2513 305 2531; x_wconf 88' lang='lat'>²</span> <span class='ocrx_word' id='word_1_251' title='bbox 330 2510 421 2544; x_wconf 76' lang='lat' dir='ltr'><strong>Alias</strong></span> <span class='ocrx_word' id='word_1_252' title='bbox 448 2510 682 2555; x_wconf 74' lang='lat' dir='ltr'><strong>Arctophylax</strong></span> <span class='ocrx_word' id='word_1_253' title='bbox 697 2534 705 2550; x_wconf 68' lang='lat'><strong><em>,</em></strong></span> <span class='ocrx_word' id='word_1_254' title='bbox 734 2520 775 2541; x_wconf 88' lang='lat' dir='ltr'><strong>ex</strong></span> <span class='ocrx_word' id='word_1_255' title='bbox 804 2519 913 2551; x_wconf 84' lang='lat' dir='ltr'><strong>graeca</strong></span> <span class='ocrx_word' id='word_1_256' title='bbox 937 2506 1092 2552; x_wconf 84' lang='lat' dir='ltr'><strong>origine,</strong></span> <span class='ocrx_word' id='word_1_257' title='bbox 1120 2504 1170 2540; x_wconf 79' lang='lat' dir='ltr'><strong>uti</strong></span> <span class='ocrx_word' id='word_1_258' title='bbox 1193 2512 1228 2539; x_wconf 84' lang='lat' dir='ltr'><strong>et</strong></span> <span class='ocrx_word' id='word_1_259' title='bbox 1249 2505 1436 2546; x_wconf 78' lang='lat' dir='ltr'><strong>Arcturus,</strong></span> <span class='ocrx_word' id='word_1_260' title='bbox 1467 2517 1506 2545; x_wconf 82' lang='lat' dir='ltr'><strong>ac</strong></span> <span class='ocrx_word' id='word_1_261' title='bbox 1540 2504 1665 2538; x_wconf 84' lang='lat' dir='ltr'><strong>Bootes</strong></span> 
     </span>
    </p>
   </div>
   <div class='ocr_carea' id='block_1_11' title="bbox 245 2573 1663 2725">
    <p class='ocr_par' dir='ltr' id='par_1_12' title="bbox 245 2573 1663 2725">
     <span class='ocr_line' id='line_1_31' title="bbox 245 2573 397 2601; baseline -0.013 0"><span class='ocrx_word' id='word_1_262' title='bbox 245 2573 397 2601; x_wconf 86' lang='lat' dir='ltr'><strong>vocatur.</strong></span> 
     </span>
     <span class='ocr_line' id='line_1_32' title="bbox 287 2619 1663 2670; baseline -0.005 -10"><span class='ocrx_word' id='word_1_263' title='bbox 287 2625 301 2646; x_wconf 82' lang='lat'>³</span> <span class='ocrx_word' id='word_1_264' title='bbox 324 2626 400 2660; x_wconf 88' lang='lat' dir='ltr'><strong>Hos</strong></span> <span class='ocrx_word' id='word_1_265' title='bbox 416 2638 533 2660; x_wconf 85' lang='lat' dir='ltr'><strong>versus</strong></span> <span class='ocrx_word' id='word_1_266' title='bbox 550 2625 686 2670; x_wconf 85' lang='lat' dir='ltr'><strong>profert</strong></span> <span class='ocrx_word' id='word_1_267' title='bbox 707 2625 832 2667; x_wconf 76' lang='lat' dir='ltr'><strong>Scalig.</strong></span> <span class='ocrx_word' id='word_1_268' title='bbox 854 2624 888 2657; x_wconf 86' lang='lat' dir='ltr'><strong>J.</strong></span> <span class='ocrx_word' id='word_1_269' title='bbox 916 2622 960 2657; x_wconf 91' lang='lat' dir='ltr'><strong>C.</strong></span> <span class='ocrx_word' id='word_1_270' title='bbox 982 2622 1134 2666; x_wconf 87' lang='lat' dir='ltr'><strong>indeque</strong></span> <span class='ocrx_word' id='word_1_271' title='bbox 1158 2619 1309 2666; x_wconf 83' lang='lat' dir='ltr'><strong>colligit,</strong></span> <span class='ocrx_word' id='word_1_272' title='bbox 1332 2633 1476 2655; x_wconf 81' lang='lat' dir='ltr'><strong>mensem</strong></span> <span class='ocrx_word' id='word_1_273' title='bbox 1501 2619 1663 2654; x_wconf 78' lang='lat' dir='ltr'><strong>discessus</strong></span> 
     </span>
     <span class='ocr_line' id='line_1_33' title="bbox 246 2676 1661 2725; baseline -0.005 -10"><span class='ocrx_word' id='word_1_274' title='bbox 246 2680 412 2715; x_wconf 80' lang='lat' dir='ltr'><strong>Ovidiani</strong></span> <span class='ocrx_word' id='word_1_275' title='bbox 427 2679 553 2724; x_wconf 85' lang='lat' dir='ltr'><strong>fuisse,</strong></span> <span class='ocrx_word' id='word_1_276' title='bbox 571 2680 608 2714; x_wconf 90' lang='lat' dir='ltr'><strong>in</strong></span> <span class='ocrx_word' id='word_1_277' title='bbox 624 2693 693 2725; x_wconf 89' lang='lat' dir='ltr'><strong>quo</strong></span> <span class='ocrx_word' id='word_1_278' title='bbox 709 2681 872 2714; x_wconf 73' lang='lat' dir='ltr'><strong>Arcturus</strong></span> <span class='ocrx_word' id='word_1_279' title='bbox 887 2678 1060 2713; x_wconf 82' lang='lat' dir='ltr'><strong>matutino</strong></span> <span class='ocrx_word' id='word_1_280' title='bbox 1076 2685 1233 2722; x_wconf 80' lang='lat' dir='ltr'><strong>ternpore</strong></span> <span class='ocrx_word' id='word_1_281' title='bbox 1261 2677 1403 2719; x_wconf 83' lang='lat' dir='ltr'><strong>occidit,</strong></span> <span class='ocrx_word' id='word_1_282' title='bbox 1432 2676 1469 2711; x_wconf 87' lang='lat' dir='ltr'><strong>id</strong></span> <span class='ocrx_word' id='word_1_283' title='bbox 1488 2682 1539 2711; x_wconf 80' lang='lat' dir='ltr'><strong>est</strong></span> <span class='ocrx_word' id='word_1_284' title='bbox 1553 2702 1562 2720; x_wconf 87' lang='lat'>,</span> <span class='ocrx_word' id='word_1_285' title='bbox 1591 2686 1661 2710; x_wconf 84' lang='lat' dir='ltr'><strong>vm</strong></span> 
     </span>
    </p>
   </div>
   <div class='ocr_carea' id='block_1_12' title="bbox 176 2735 521 2789">
    <p class='ocr_par' dir='ltr' id='par_1_13' title="bbox 176 2735 521 2789">
     <span class='ocr_line' id='line_1_34' title="bbox 176 2735 521 2789; baseline -0.003 -19"><span class='ocrx_word' id='word_1_286' title='bbox 176 2759 180 2762; x_wconf 52' lang='grc' dir='ltr'><em>ι</em></span> <span class='ocrx_word' id='word_1_287' title='bbox 244 2735 295 2770; x_wconf 86' lang='lat' dir='ltr'><strong>Id.</strong></span> <span class='ocrx_word' id='word_1_288' title='bbox 314 2738 468 2771; x_wconf 70' lang='lat' dir='ltr'><strong>Novemb.</strong></span> <span class='ocrx_word' id='word_1_289' title='bbox 518 2787 521 2789; x_wconf 21' lang='grc' dir='ltr'>Ι</span> 
     </span>
    </p>
   </div>
  </div>
 </body>
</html>
