1794 3100
228 250 314 291 303
672 248 1204 292 DEDICATIONES

230 341 506 388 decantatum
520 376 532 398 ,
556 358 710 406 parum
727 340 862 405 hujus
875 339 960 388 loci
978 340 1309 407 amplitudinem
1323 340 1459 390 decet.
1476 343 1648 408 Impro-

227 417 338 465 bum
353 416 523 466 facinus
538 453 550 473 ,
574 428 617 464 et
641 417 1013 466 animadversione
1032 418 1212 481 dignum
1231 419 1459 468 censoria?
1475 418 1650 486 Ecquid

173 521 175 523 ·
231 507 320 542 tam
340 494 580 560 protritum
597 531 608 550 ,
634 493 789 559 ecquid
813 505 900 543 tam
921 493 1220 560 proculcatum
1243 515 1372 562 quam
1400 495 1526 543 urbis
1547 495 1648 554 viae,

232 590 341 638 quas
356 571 471 637 equi,
487 571 638 627 boves,
655 569 778 628 asini,
792 570 915 629 muli,
929 571 1218 638 hominesque
1231 571 1457 629 clitellarii,
1469 571 1648 620 adsidue

226 660 376 697 terunt
390 651 409 696 Ρ
423 648 585 696 Ideone
601 666 670 695 me
683 648 921 696 continebo
939 647 1073 706 domi,
1087 667 1141 696 ne
1155 648 1285 714 bipes
1299 649 1518 711 ingrediar
1535 649 1650 697 inter

225 726 532 794 quadrupedes
557 764 568 784 ,
596 738 641 774 et
661 726 818 774 carebo
845 725 1027 791 publico
1045 763 1057 782 ,
1091 745 1145 773 ne
1170 727 1362 774 minuam
1380 729 1649 791 'majestatem

227 805 420 861 ordinis;
445 804 536 859 vel,
562 804 599 851 si
621 803 906 869 prodirehuc
924 802 1055 851 velim
1070 840 1082 857 ,
1101 822 1233 865 cogar
1248 804 1475 866 dignitatis
1493 823 1622 853 causa
1635 842 1646 861 ,

230 902 331 934 cum
352 881 490 930 simiis
507 892 551 928 et
567 880 728 929 felibus
749 881 796 927 in
813 879 971 942 tegulis
992 879 1212 936 ambulare
1229 882 1246 927 Ρ
1269 882 1372 927 Non
1392 881 1650 930 adscendam

227 959 357 1017 illuc,
384 959 547 1025 opinor
579 978 589 1006 :
615 958 826 1005 imitabor
857 957 1008 1023 potius
1046 956 1375 1005 Chalcidensem
1396 959 1448 1005 T.
1474 959 1651 1022 Quintii

230 1036 478 1102 hospitem3
508 1048 640 1101 atque
657 1047 708 1083 ut
723 1035 795 1084 ille
814 1034 958 1083 bellus
977 1034 1200 1100 scitusque
1219 1035 1493 1092 convivator,
1516 1055 1651 1102 quum

228 1113 482 1179 imperatori
505 1131 708 1170 romano,
732 1113 913 1178 ejusque
936 1113 1152 1178 praetoriae
1178 1113 1353 1161 cohorti
1384 1131 1550 1162 coenam
1575 1114 1650 1162 da-

224 1200 312 1246 ret,
336 1208 463 1236 omne
482 1207 622 1251 genus
642 1189 911 1246 venationis,
932 1187 1209 1254 speciemque
1226 1188 1371 1237 ferinae
1389 1190 1556 1247 carnis,
1577 1209 1650 1238 va-

221 1265 300 1313 riis
337 1264 637 1317 condimentis,
667 1264 868 1312 effinxit:
899 1265 961 1312 sic
996 1284 1080 1327 ego
1104 1266 1276 1313 easdem
1310 1265 1416 1314 istas
1449 1266 1648 1328 vulgares

225 1340 395 1408 epulas,
420 1353 471 1389 ut
492 1341 658 1398 caeteri,
683 1359 840 1407 nempe
864 1340 1100 1398 Ovidium,
1126 1335 1253 1389 vobis
1284 1340 1502 1407 adponam
1522 1342 1536 1400 ',
1570 1343 1647 1391 sed

226 1417 312 1467 alio
334 1430 466 1484 pacto
499 1417 701 1468 condiam
721 1438 731 1475 ;
759 1417 870 1466 libet
887 1419 1003 1466 enim
1025 1418 1258 1481 magnifica
1279 1417 1410 1467 verba
1439 1418 1645 1477 fundere,

225 1509 278 1546 ut
298 1495 482 1559 gloriosi
504 1496 634 1562 coqui
659 1495 804 1544 solent
825 1495 873 1543 in
895 1495 1134 1544 comoediis.
1167 1496 1332 1544 Tenuis
1360 1496 1443 1544 erit
1463 1497 1649 1546 forsitan

231 1572 466 1638 adparatus
488 1591 498 1630 ;
532 1572 739 1619 nimirum
772 1572 819 1619 in
848 1590 894 1619 re
920 1571 1040 1619 tenui
1066 1591 1075 1618 z
1101 1589 1376 1637 quanquam,
1411 1571 1448 1621 si
1473 1572 1647 1621 Maroni

234 1650 451 1698 credimus
471 1648 667 1716 apiculas
684 1668 784 1697 suas
803 1649 986 1714 jactanti
1004 1688 1013 1706 ,
1037 1648 1198 1711 Georg.
1219 1649 1298 1707 IV,
1320 1647 1373 1696 6:

443 1779 485 1814 In
502 1781 601 1814 tenui
615 1779 711 1814 labor
724 1806 734 1824 ,
760 1786 793 1814 at
811 1780 925 1814 tenuis
939 1791 1012 1813 non
1030 1779 1159 1825 gloria;
1177 1780 1204 1814 si
1219 1792 1324 1824 quem

447 1845 603 1880 Numina
618 1844 701 1879 laeva
718 1845 839 1879 sinunt
851 1870 860 1888 ,
879 1844 1046 1890 auditque
1066 1851 1205 1879 vocatus
1220 1844 1355 1890 Apollo.

230 1966 330 2012 Huc
358 1963 466 2011 adde
483 2001 494 2020 ,
528 1962 650 2028 quod
674 1961 1152 2027 adinterpretationem
1183 1962 1332 2010 Ovidii
1364 1963 1528 2028 passim
1556 1965 1647 2012 Ho—

230 2059 381 2090 merus*
397 2039 699 2096 adhibendus,
731 2039 1011 2092 advocandus,
1037 2057 1151 2104 saepe
1181 2039 1450 2105 Sophocles,
1486 2039 1646 2106 aliique

234 2134 380 2177 graecae
417 2115 636 2180 principes
675 2113 931 2176 tragoediae:
964 2115 1270 2180 conquirendae
1313 2114 1648 2182 colligendaeque

231 2211 391 2258 sparsae
415 2211 463 2239 ac
486 2192 635 2239 lacerae
658 2203 887 2257 poetarum
908 2190 1125 2256 reliquiae,
1150 2192 1226 2258 qui
1244 2190 1375 2240 latin⁶c
1394 2211 1486 2240 eam
1506 2191 1646 2240 fabel-

231 2270 315 2318 lam
350 2270 678 2337 expoliverunt,
710 2281 759 2316 ut
785 2269 935 2316 Attius
968 2281 1009 2316 et
1043 2269 1282 2326 Pacuvius,
1309 2266 1539 2335 omnisque
1569 2271 1646 2318 aevi

233 2345 510 2404 doctissimus
534 2346 599 2392 M.
626 2345 765 2392 Varro
785 2365 794 2391 :
819 2363 899 2392 nec
924 2343 1074 2392 Livius
1090 2344 1369 2392 Andronicus
1388 2345 1646 2411 Enniusque

235 2434 349 2469 sunt*
368 2420 727 2487 praetermittendi
753 2458 765 2477 ,
807 2440 921 2485 quos
947 2421 1126 2468 vertisse
1162 2422 1337 2486 Ajacem
1375 2439 1425 2469 ex
1455 2422 1646 2488 antiquis

236 2498 526 2561 grammaticis
546 2498 863 2559 cognoscimus.
887 2500 1057 2545 Horum
1075 2498 1113 2545 si
1134 2509 1349 2545 exstarent
1363 2497 1539 2560 integrae
1557 2511 1646 2547 tra-

235 2577 384 2639 goediae
402 2613 413 2633 ,
439 2577 592 2634 hodie,
614 2595 668 2624 ne
692 2576 799 2642 quid
823 2576 1115 2632 dissimulem,
1145 2575 1256 2623 nihil
1279 2576 1388 2624 mihi
1412 2589 1524 2625 esset
1545 2596 1641 2624 cum

234 2653 396 2702 Ovidio
417 2653 581 2714 negotii
611 2673 621 2700 ε
650 2673 787 2708 nunc,
819 2653 939 2719 quod
963 2653 1104 2701 solum
1127 2652 1253 2709 licet,
1287 2673 1386 2701 cum
1417 2655 1644 2703 Ovidianis

158 2736 163 2739 ⁷
233 2731 447 2795 conferam
476 2729 549 2779 illa
576 2731 839 2792 fragmenta,
865 2750 959 2795 quae
985 2749 1210 2796 superesse
1234 2731 1373 2779 voluit
1397 2744 1642 2798 temporum
