1794 3100
216 227 302 271 338

488 221 944 271 TESTIMONIA
974 226 1060 269 ET
1092 225 1377 272 JUDICIA.

430 319 476 354 Et
491 331 663 366 nusquam
678 318 789 354 deerit
805 318 961 354 facundae
975 317 1215 365 copialinguae
1225 345 1234 361 ,
1298 353 1302 358 ⁴

471 378 647 423 Grataque
661 377 859 423 simplicitas
873 404 883 423 ‚
900 377 1139 423 mobilitasque
1158 378 1222 413 viri
1236 392 1244 420 ;

428 440 502 476 Nec
517 439 624 474 dulcis
640 451 841 484 quanquam
856 439 894 473 in
908 438 1063 474 minimis
1078 438 1247 484 sapientia
1263 435 1387 482 rebus,

477 499 569 545 Quae
583 498 654 533 vim
667 511 741 533 non
757 498 866 545 rigide
882 499 1108 544 praecipientis
1124 498 1229 533 habet
1244 512 1255 541 ς

432 559 479 594 Et
492 558 661 604 quidquid
677 558 787 605 longis
802 559 857 594 vix
874 558 996 595 suadet
1013 558 1146 594 Graecia
1161 557 1298 595 chartis.

473 620 556 655 Non
572 619 638 654 alio
655 619 800 665 Delphis
815 619 936 654 Delius
955 632 1015 654 ore
1031 620 1134 655 canit.

432 679 542 725 Quod
559 686 716 725 superest
726 705 736 723 ,
755 680 912 715 Fortuna
925 705 935 723 ,
950 679 1028 715 fave
1041 706 1051 724 ,
1068 679 1130 715 sed
1144 679 1214 715 sata
1231 680 1410 718 minantur
1423 707 1432 724 ,

476 741 525 775 Et
541 740 693 786 pluviam
717 739 789 775 caeli
803 738 951 775 discolor
962 752 1059 775 arcus
1076 739 1157 786 agit.
1377 738 1379 741 '

432 800 586 846 Eloquar
596 827 605 842 ‚
623 813 667 835 an
683 800 829 835 sileam?
844 800 1005 847 lacrymae
1022 813 1084 835 sua
1097 799 1202 834 verba
1217 807 1418 835 morantur:

475 862 662 907 Verbaque
677 874 759 896 cum
774 861 933 908 lacrymis
947 862 1054 896 mixta
1069 861 1174 896 fuisse
1188 860 1317 896 ferunt.

429 923 504 958 Nec
518 921 626 967 magis
642 928 701 956 aut
720 920 898 964 Cremerae
912 946 923 965 ,
940 920 1055 957 Ticini
1071 928 1131 956 aut
1146 933 1232 955 caesa
1245 921 1427 965 juventus,

472 983 547 1018 Aut
560 982 672 1018 clades
686 982 822 1027 superis
838 982 906 1016 ulla
924 981 1089 1027 pudenda
1105 981 1194 1017 fuit:
1234 984 1237 993 ¹

428 1045 503 1079 Nec
517 1043 626 1089 magis
639 1042 833 1078 infaustum
848 1042 972 1077 Romae
987 1041 1055 1076 fuit
1070 1041 1160 1076 Allia
1174 1053 1319 1078 nomen.

466 1105 564 1139 Inter
582 1102 756 1138 Caesareas
773 1109 846 1137 atra
861 1101 907 1137 sit
921 1101 978 1136 illa
995 1101 1069 1136 dies
1083 1100 1091 1135 !

429 1164 574 1199 Finibus
593 1163 630 1198 in
648 1163 836 1211 Scythicis,
853 1162 1013 1207 ultraque
1031 1161 1220 1197 binominis
1237 1161 1337 1203 Istri,

472 1224 534 1258 llle
551 1230 631 1258 tuus
646 1222 843 1269 quondam,
859 1221 993 1268 perfide
1004 1248 1013 1266 ,
1029 1222 1151 1258 doctor
1166 1222 1242 1258 erit.

425 1285 506 1320 Non
523 1285 646 1318 Venus
660 1284 726 1319 hoc
743 1290 842 1318 natos
859 1283 903 1318 de
918 1295 954 1318 se
969 1295 1107 1329 sperare
1121 1282 1266 1327 iubebat
1280 1309 1291 1327 ,

469 1344 650 1379 Ardorum
667 1343 835 1389 genitrix,
857 1343 1126 1388 AEneadumque
1143 1355 1280 1388 parens.

427 1405 599 1440 Tristibus
612 1404 669 1439 hic
685 1404 788 1450 elegis
802 1403 950 1449 patriam
963 1403 1112 1449 plorabit
1128 1403 1303 1438 ademtam
1318 1430 1327 1447 ,

466 1466 540 1500 Nec
555 1464 662 1499 Ponti
675 1464 823 1509 gelidam
840 1464 1066 1499 dissimulabit
1089 1464 1251 1498 humum.
1290 1486 1293 1490 -

428 1525 557 1570 Qualia
575 1524 711 1559 deserta
729 1524 922 1559 Philomela
938 1524 1001 1559 sub
1017 1524 1139 1558 arbore
1152 1550 1162 1567 ,
1178 1524 1268 1559 natis

466 1585 566 1620 Orba
580 1592 724 1630 repente
740 1585 810 1619 suis
823 1611 832 1629 ,
847 1592 907 1620 aut
922 1585 1061 1620 viduata
1073 1611 1082 1628 ,
1102 1583 1234 1630 gemit,

427 1646 554 1693 Qualia
569 1646 743 1681 Maeandri
759 1646 860 1681 toties
875 1645 1054 1680 redeuntis
1071 1646 1108 1680 in
1124 1645 1229 1680 undis
1240 1671 1251 1689 ,

468 1707 542 1742 Aut
560 1707 653 1741 canit
664 1732 674 1750 ,
692 1714 751 1741 aut
768 1706 901 1751 fertur,
919 1707 1216 1752 jammoriturus,
1234 1706 1319 1741 olor.

424 1768 493 1804 Hic
506 1768 567 1803 fati
581 1768 826 1802 immemorem
843 1768 1026 1814 distringet
1042 1781 1185 1803 carmen
1204 1768 1242 1802 in
1260 1768 1338 1803 Ibin
1356 1781 1364 1803 z

471 1828 672 1863 Archilochi
689 1827 772 1862 diris
791 1828 930 1873 dignior
946 1828 1001 1863 ille
1017 1828 1092 1862 suit.

426 1889 570 1923 Dixerat
585 1901 593 1922 :
610 1889 803 1933 ingemuit;
821 1901 941 1924 vocem
959 1895 1106 1923 tenuere
1125 1898 1272 1924 sorores.

469 1951 547 1984 Flet
563 1951 686 1984 Venus
702 1950 884 1984 admonitu
894 1975 904 1993 ,
921 1950 984 1984 flet
997 1950 1087 1983 male
1102 1956 1219 1994 gratus
1238 1949 1360 1983 Amor.

429 2009 584 2045 Indoluit
602 2010 753 2044 Phoebus
769 2023 777 2044 :
792 2010 1008 2054 sublectaque
1027 2009 1131 2044 verba
1145 2009 1256 2044 sorori

474 2070 641 2113 Rettulit,
663 2077 743 2105 ante
760 2070 876 2104 oculos
892 2069 982 2104 visus
999 2070 1115 2104 adesse
1129 2095 1139 2112 ‚
1156 2068 1253 2104 mihi.

426 2129 527 2165 Dicta
543 2130 615 2165 dies
634 2131 753 2164 aderat
768 2156 777 2173 ‚
797 2131 993 2176 primasque²
1011 2130 1148 2164 Aurora
1163 2129 1323 2164 tenebras

471 2191 662 2235 Purpureis
680 2191 839 2224 nondum
855 2198 926 2225 tota
943 2191 1123 2236 premebat
1138 2185 1244 2235 equis.

429 2251 504 2297 Ipse
522 2251 641 2286 Deum
655 2251 746 2295 vidi,
765 2264 826 2286 seu
844 2259 944 2286 tactae
964 2251 1090 2297 mentis
1106 2251 1221 2296 imago
1232 2276 1242 2294 ,

470 2313 542 2347 Seu
555 2324 697 2347 somnus
712 2312 820 2347 fuerit
837 2325 845 2346 x
863 2326 928 2347 nec
945 2320 1029 2358 puto
1045 2325 1188 2347 somnus
1204 2319 1288 2346 erat.

425 2373 524 2408 Laeva
539 2372 607 2407 Dei
625 2381 798 2419 myrtum,
819 2373 1010 2419 dilectaque
1028 2381 1117 2407 serta
1135 2373 1297 2418 gerebat;

471 2432 714 2478 Compositum
731 2433 857 2469 fidibus
875 2434 993 2467 dextra
1012 2434 1152 2468 tenebat
1168 2433 1263 2466 ebur.

428 2493 634 2538 Litoreaque
652 2507 816 2539 premens
832 2494 953 2528 leviter
970 2506 1048 2528 mea
1063 2501 1220 2538 tempora
1236 2498 1372 2538 myrto;

469 2554 573 2589 Sacra
589 2554 661 2589 dies
676 2555 747 2589 haec
767 2563 838 2598 est,
857 2562 892 2589 et
907 2555 1111 2589 celebranda
1126 2553 1188 2588 tibi
1201 2579 1210 2596 ,

424 2614 527 2649 Sacra
543 2614 615 2649 dies
628 2642 637 2658 ,
657 2615 769 2660 inquit
782 2642 791 2659 ,
810 2628 886 2660 quae
903 2616 1056 2660 primum
1073 2615 1155 2649 lucis
1169 2615 1205 2648 in
1224 2626 1321 2648 auras

468 2675 645 2710 Nasonem
663 2676 797 2721 populis
809 2702 826 2720 ,.
838 2683 875 2711 et
891 2676 952 2711 tibi
963 2701 972 2719 ,
990 2676 1104 2711 Roma
1116 2700 1126 2717 ,
1146 2674 1235 2708 tulit.

1583 560 1626 593 35

1584 1166 1625 1207 45

1584 1469 1625 1500 5ο

1583 1772 1624 1804 55

1582 2372 1624 2407 65
