1794 3100
246 258 335 291 202
695 251 744 292 P.
785 250 1019 296 OVIDII
1057 253 1227 302 VITA

246 340 413 388 Prioris
437 353 540 389 sunt
562 343 733 404 generis
752 343 912 407 Elegiae
934 355 971 392 ΙΙ
992 357 1035 393 et
1052 358 1132 414 llll,
1156 357 1199 394 et
1222 346 1398 413 quidem
1421 349 1661 400 certissimo

248 417 504 466 charactere.
532 419 783 468 Turbidum
807 421 921 470 enim
942 422 1081 471 ventis
1104 442 1245 482 mare,
1270 425 1390 491 quod
1414 426 1662 492 patiebatur

245 495 328 543 sub
348 495 638 559 navigationis
652 497 826 546 initium
838 537 849 558 ‚
868 498 1119 549 describens
1131 539 1142 558 ‚
1161 514 1202 550 et
1216 501 1363 552 faciles
1379 516 1538 570 optans
1555 524 1660 554 ven-

246 582 343 628 tos,
365 571 441 630 ait,
468 572 589 635 Eleg.
615 586 652 622 11
668 611 681 631 ‚
705 593 812 623 vers.
839 593 895 640 91
922 587 965 624 et
989 593 1049 642 92
1072 596 1081 624 ε

466 674 571 710 Ferte
584 701 593 718 ‚
613 675 696 720 quid
714 675 769 710 hic
784 676 894 712 facio?
914 678 1025 724 rapidi
1042 692 1118 714 mea
1135 681 1272 716 carbasa
1286 681 1392 717 venti.

503 736 770 782 Ausom'osfiaes
787 751 848 772 cur
863 751 941 773 mea
958 739 1031 774 vela
1047 739 1167 775 vident
1181 741 1196 775 ?
1257 770 1259 773 .

243 821 389 869 Tertia
413 840 541 878 vero,
565 840 674 869 vers.
703 822 790 869 105
814 843 823 870 :

461 919 533 953 Nos
550 926 668 953 tamen
686 921 815 953 lonium
832 932 905 954 non
927 927 1044 955 nostra
1066 920 1233 956 findimus
1248 935 1371 968 aequor,
1392 931 1455 959 etc.

243 1015 286 1051 et
310 1021 419 1051 vers.
450 1021 530 1050 121
559 1016 601 1051 et
630 1020 746 1051 122:

395 1154 416 1167 x
459 1103 551 1137 Nam
569 1101 706 1147 procul,
723 1104 871 1150 Illyricis
886 1103 969 1138 laeva
985 1103 1028 1138 de
1043 1112 1141 1150 parte
1156 1108 1284 1141 relictis
1293 1094 1308 1148 ,1

504 1163 693 1199 lnterdicta
711 1164 796 1198 mihi
814 1168 957 1200 cernitur
971 1167 1077 1200 Italia
1092 1173 1157 1201 etc.

239 1249 458 1315 Equidem
480 1249 533 1296 cl.
560 1249 607 1296 T
603 1268 722 1315 aaaq.
742 1249 888 1297 Faber
914 1256 923 1274 ¹
949 1251 1265 1309 contendebat,
1290 1251 1514 1301 exordium
1535 1272 1659 1304 novoe

240 1339 482 1395 quartoeque
501 1327 662 1391 Elegiae
676 1347 697 1375 a
713 1346 775 1376 vs.
803 1327 888 1376 103
900 1365 911 1384 ‚
931 1327 1175 1377 faciendum
1188 1330 1348 1396 Lquod
1366 1342 1410 1378 et
1428 1330 1494 1380 ill.
1511 1333 1655 1385 Mcol.

242 1404 436 1452 Heinsius
458 1403 715 1452 adfirmabat
735 1423 789 1451 ex
799 1403 896 1470 fide
921 1405 1213 1471 castzgraabrum
1246 1405 1444 1463 codicum,
1468 1427 1658 1475 quorum

241 1494 386 1530 tamen
408 1501 635 1530 numerum
662 1482 782 1529 hand
811 1481 999 1548 amplius
1029 1482 1204 1531 indicat.
1239 1485 1405 1532 Verum
1440 1485 1659 1552 quidquid

240 1559 521 1607 doctissimus
536 1558 608 1607 ille
626 1559 691 1606 vir
707 1559 820 1607 dicat
835 1597 846 1616 ‚
872 1559 991 1607 nulla
1010 1579 1058 1608 ex
1076 1560 1174 1626 ipso
1195 1561 1383 1609 carmine
1401 1580 1528 1610 causa
1541 1600 1552 1621 ‚
1575 1582 1660 1613 nos

239 1636 482 1685 necessario
516 1636 664 1699 cogit,
688 1649 740 1684 ut
761 1636 957 1699 Elegiam
979 1637 1025 1685 in
1047 1638 1304 1702 vulgaribus
1327 1639 1556 1689 codicibus
1577 1650 1660 1688 ter-

238 1715 333 1762 tiam
356 1715 401 1762 in
428 1715 534 1763 duas
558 1714 849 1763 diffindamus.
879 1716 1031 1763 Potuit
1053 1728 1169 1764 certe
1191 1729 1310 1766 vates
1343 1717 1529 1765 maxima
1549 1735 1659 1784 poe-

239 1791 360 1839 matii
374 1802 497 1857 parte
512 1790 765 1838 memoriam
784 1809 931 1839 earum
950 1804 1164 1858 repetere,
1186 1811 1281 1859 quae
1304 1792 1389 1840 sibi
1409 1795 1658 1851 evenerant,

240 1888 376 1935 quum
401 1871 544 1919 Roma
567 1881 679 1917 esset
703 1869 750 1916 in
775 1869 973 1917 exsilium
997 1869 1223 1926 abiturus;
1252 1881 1294 1917 et
1321 1882 1465 1918 tamen
1486 1870 1541 1918 ab
1571 1871 1660 1920 isto

238 1965 366 1994 versu
406 1946 493 1994 103
527 1947 581 1994 ad
603 1946 733 1995 finem
756 1966 921 2012 usqne,
955 1966 1004 1995 ea
1039 1947 1313 2004 describere,
1351 1966 1446 2013 quae
1475 1947 1523 1995 in
1548 1947 1660 1996 mari

238 2023 465 2071 Adriatico
482 2062 493 2081 ‚
519 2025 798 2072 saevientibus
823 2024 962 2072 ventis
977 2061 988 2082 ‚
1012 2036 1105 2072 tum
1128 2036 1376 2091 pateretur,
1406 2044 1543 2091 quum
1565 2026 1658 2074 haec

238 2094 446 2151 conderet
468 2103 667 2151 carmina.

304 2182 367 2229 At
398 2180 561 2244 Elegiae
591 2195 643 2230 lx
663 2201 711 2230 ac
736 2196 764 2230 Χ
788 2201 838 2230 ex
859 2180 947 2229 illis
969 2193 1094 2240 sunt,
1126 2201 1233 2248 quas
1254 2183 1419 2230 Noster
1438 2181 1626 2230 exaravit
1642 2219 1655 2240 ,

239 2270 472 2325 postquam
500 2259 693 2307 Cenchris
713 2259 892 2308 alteram
912 2259 1180 2308 ascendisset
1199 2260 1343 2308 navim
1367 2280 1377 2307 :
1403 2272 1452 2308 lx
1481 2259 1656 2325 quidem

238 2336 285 2383 in
318 2336 460 2385 insula
497 2336 778 2386 Samothracia
808 2338 894 2399 (ex
924 2355 1033 2386 vers.
1062 2353 1123 2384 20
1153 2354 1203 2385 ac
1237 2336 1352 2400 45),
1380 2347 1423 2384 et
1456 2351 1485 2384 Χ
1520 2355 1658 2402 quum

239 2413 488 2462 adhucdum
510 2415 747 2480 jactaretur
769 2416 809 2462 ia
833 2412 1023 2463 indomito
1040 2426 1258 2462 BRUMALI
1283 2425 1405 2462 LUCE
1418 2412 1651 2479 profundo,

240 2503 293 2538 ut
323 2490 459 2540 habet
492 2510 601 2540 vers.
630 2490 691 2558 39
715 2498 757 2550 ²,
786 2511 914 2558 quem
937 2491 1238 2558 interpretari,
1275 2490 1420 2558 quoad
1444 2489 1657 2558 temporis

241 2579 391 2615 notam
412 2569 590 2627 attinet,
617 2568 808 2619 voluisse
830 2569 1003 2618 videtur
1028 2587 1135 2618 vers.
1164 2568 1219 2629 [41
1246 2588 1255 2616 :

285 2703 295 2721 ¹
322 2700 394 2734 Lib.
413 2700 451 2743 1,
473 2700 581 2745 Epist.
597 2713 702 2736 xxm.

283 2763 298 2781 ²
321 2761 413 2807 Lege
431 2768 466 2796 et
482 2775 569 2796 vers.
589 2765 711 2809 19-28.
