<?xml version="1.0" encoding="UTF-8"?>
<!DOCTYPE html PUBLIC "-//W3C//DTD XHTML 1.0 Transitional//EN"
    "http://www.w3.org/TR/xhtml1/DTD/xhtml1-transitional.dtd">
<html xmlns="http://www.w3.org/1999/xhtml" xml:lang="en" lang="en">
 <head>
  <title>
</title>
<meta http-equiv="Content-Type" content="text/html;charset=utf-8" />
  <meta name='ocr-system' content='tesseract 3.04.00' />
  <meta name='ocr-capabilities' content='ocr_page ocr_carea ocr_par ocr_line ocrx_word'/>
</head>
<body>
  <div class='ocr_page' id='page_1' title='image "./quaeextantomniao08oviduoft_0243.png"; bbox 0 0 1794 3100; ppageno 0'>
   <div class='ocr_carea' id='block_1_1' title="bbox 545 226 1535 274">
    <p class='ocr_par' dir='ltr' id='par_1_1' title="bbox 545 226 1535 274">
     <span class='ocr_line' id='line_1_1' title="bbox 545 226 1535 274; baseline 0.002 -3"><span class='ocrx_word' id='word_1_1' title='bbox 545 227 675 272; x_wconf 84' lang='lat' dir='ltr'><strong>PER</strong></span> <span class='ocrx_word' id='word_1_2' title='bbox 707 227 750 271; x_wconf 86' lang='lat' dir='ltr'><strong>J.</strong></span> <span class='ocrx_word' id='word_1_3' title='bbox 785 226 1096 272; x_wconf 88' lang='lat' dir='ltr'><strong>MASSON.</strong></span> <span class='ocrx_word' id='word_1_4' title='bbox 1448 229 1535 274; x_wconf 82' lang='lat'><strong>233</strong></span> 
     </span>
    </p>
   </div>
   <div class='ocr_carea' id='block_1_2' title="bbox 255 321 1194 796">
    <p class='ocr_par' dir='ltr' id='par_1_2' title="bbox 255 321 1090 368">
     <span class='ocr_line' id='line_1_2' title="bbox 255 321 1090 368; baseline 0.001 -12"><span class='ocrx_word' id='word_1_5' title='bbox 255 351 260 356; x_wconf 88' lang='lat'><strong>.</strong></span> <span class='ocrx_word' id='word_1_6' title='bbox 327 322 375 358; x_wconf 86' lang='lat' dir='ltr'><strong>Et</strong></span> <span class='ocrx_word' id='word_1_7' title='bbox 389 321 524 368; x_wconf 82' lang='lat' dir='ltr'><strong>placui,</strong></span> <span class='ocrx_word' id='word_1_8' title='bbox 546 328 681 368; x_wconf 75' lang='lat' dir='ltr'><strong>gratare</strong></span> <span class='ocrx_word' id='word_1_9' title='bbox 698 321 786 356; x_wconf 87' lang='lat' dir='ltr'><strong>mihi</strong></span> <span class='ocrx_word' id='word_1_10' title='bbox 798 347 807 365; x_wconf 94' lang='lat'>‚</span> <span class='ocrx_word' id='word_1_11' title='bbox 825 325 974 368; x_wconf 77' lang='lat' dir='ltr'><strong>caepiquc</strong></span> <span class='ocrx_word' id='word_1_12' title='bbox 982 328 1090 366; x_wconf 78' lang='lat' dir='ltr'><strong>poetoe</strong></span> 
     </span>
    </p>

    <p class='ocr_par' dir='ltr' id='par_1_3' title="bbox 375 382 1134 419">
     <span class='ocr_line' id='line_1_3' title="bbox 375 382 1134 419; baseline -0.001 -1"><span class='ocrx_word' id='word_1_13' title='bbox 375 383 475 419; x_wconf 86' lang='lat' dir='ltr'><strong>luter</strong></span> <span class='ocrx_word' id='word_1_14' title='bbox 492 382 705 418; x_wconf 88' lang='lat' dir='ltr'><strong>inhumanos</strong></span> <span class='ocrx_word' id='word_1_15' title='bbox 721 394 855 417; x_wconf 88' lang='lat' dir='ltr'><strong>nomeu</strong></span> <span class='ocrx_word' id='word_1_16' title='bbox 871 382 1000 419; x_wconf 87' lang='lat' dir='ltr'><strong>habere</strong></span> <span class='ocrx_word' id='word_1_17' title='bbox 1015 383 1134 419; x_wconf 84' lang='lat' dir='ltr'><strong>Getas.</strong></span> 
     </span>
    </p>

    <p class='ocr_par' dir='ltr' id='par_1_4' title="bbox 329 441 1145 552">
     <span class='ocr_line' id='line_1_4' title="bbox 329 441 1145 490; baseline -0.001 -10"><span class='ocrx_word' id='word_1_18' title='bbox 329 444 518 480; x_wconf 72' lang='lat' dir='ltr'><strong>Materiam</strong></span> <span class='ocrx_word' id='word_1_19' title='bbox 535 444 661 490; x_wconf 72' lang='lat' dir='ltr'><strong>quaeris</strong></span> <span class='ocrx_word' id='word_1_20' title='bbox 673 444 690 479; x_wconf 83' lang='lat'>?</span> <span class='ocrx_word' id='word_1_21' title='bbox 708 443 828 479; x_wconf 85' lang='lat' dir='ltr'><strong>laudes</strong></span> <span class='ocrx_word' id='word_1_22' title='bbox 846 443 889 478; x_wconf 83' lang='lat' dir='ltr'><strong>de</strong></span> <span class='ocrx_word' id='word_1_23' title='bbox 903 441 1047 480; x_wconf 66' lang='lat' dir='ltr'><strong>&#39;Caesare</strong></span> <span class='ocrx_word' id='word_1_24' title='bbox 1066 444 1145 479; x_wconf 79' lang='lat' dir='ltr'><strong>dixi.</strong></span> 
     </span>
     <span class='ocr_line' id='line_1_5' title="bbox 375 505 1109 552; baseline 0 -12"><span class='ocrx_word' id='word_1_25' title='bbox 375 506 509 552; x_wconf 80' lang='lat' dir='ltr'><strong>Adjuta</strong></span> <span class='ocrx_word' id='word_1_26' title='bbox 525 513 576 541; x_wconf 82' lang='lat' dir='ltr'><strong>est</strong></span> <span class='ocrx_word' id='word_1_27' title='bbox 592 505 729 541; x_wconf 84' lang='lat' dir='ltr'><strong>novitas</strong></span> <span class='ocrx_word' id='word_1_28' title='bbox 746 508 882 541; x_wconf 83' lang='lat' dir='ltr'><strong>numine</strong></span> <span class='ocrx_word' id='word_1_29' title='bbox 894 512 1014 541; x_wconf 78' lang='lat' dir='ltr'><strong>nostra</strong></span> <span class='ocrx_word' id='word_1_30' title='bbox 1030 506 1109 542; x_wconf 68' lang='lat' dir='ltr'><strong>Dei.</strong></span> 
     </span>
    </p>

    <p class='ocr_par' dir='ltr' id='par_1_5' title="bbox 330 565 1115 612">
     <span class='ocr_line' id='line_1_6' title="bbox 330 565 1115 612; baseline -0.005 -8"><span class='ocrx_word' id='word_1_31' title='bbox 330 567 426 604; x_wconf 85' lang='lat' dir='ltr'><strong>Nam</strong></span> <span class='ocrx_word' id='word_1_32' title='bbox 435 570 548 612; x_wconf 63' lang='lat' dir='ltr'><strong>patret:</strong></span> <span class='ocrx_word' id='word_1_33' title='bbox 568 566 718 612; x_wconf 78' lang='lat' dir='ltr'><strong>Augusti</strong></span> <span class='ocrx_word' id='word_1_34' title='bbox 735 565 839 601; x_wconf 83' lang='lat' dir='ltr'><strong>docui</strong></span> <span class='ocrx_word' id='word_1_35' title='bbox 857 569 996 601; x_wconf 78' lang='lat' dir='ltr'><em>mortale</em></span> <span class='ocrx_word' id='word_1_36' title='bbox 1011 565 1115 601; x_wconf 83' lang='lat' dir='ltr'><strong>fuisse</strong></span> 
     </span>
    </p>

    <p class='ocr_par' dir='ltr' id='par_1_6' title="bbox 337 626 1194 674">
     <span class='ocr_line' id='line_1_7' title="bbox 337 626 1194 674; baseline 0 -12"><span class='ocrx_word' id='word_1_37' title='bbox 337 643 341 646; x_wconf 56' lang='lat'><strong>⁴</strong></span> <span class='ocrx_word' id='word_1_38' title='bbox 377 626 540 674; x_wconf 86' lang='lat' dir='ltr'><strong>Corpus;</strong></span> <span class='ocrx_word' id='word_1_39' title='bbox 556 627 592 662; x_wconf 90' lang='lat' dir='ltr'><strong>in</strong></span> <span class='ocrx_word' id='word_1_40' title='bbox 613 627 772 662; x_wconf 81' lang='lat' dir='ltr'><strong>aetherias</strong></span> <span class='ocrx_word' id='word_1_41' title='bbox 786 640 904 667; x_wconf 74' lang='lat' dir='ltr'><strong>numen</strong></span> <span class='ocrx_word' id='word_1_42' title='bbox 922 627 1030 663; x_wconf 73' lang='lat' dir='ltr'><strong>abisse</strong></span> <span class='ocrx_word' id='word_1_43' title='bbox 1047 627 1171 663; x_wconf 77' lang='lat' dir='ltr'><strong>domos</strong></span> <span class='ocrx_word' id='word_1_44' title='bbox 1185 642 1194 669; x_wconf 86' lang='lat'>;</span> 
     </span>
    </p>

    <p class='ocr_par' dir='ltr' id='par_1_7' title="bbox 333 688 1187 796">
     <span class='ocr_line' id='line_1_8' title="bbox 333 688 1187 735; baseline -0.001 -10"><span class='ocrx_word' id='word_1_45' title='bbox 333 688 418 725; x_wconf 82' lang='lat' dir='ltr'><strong>Esse</strong></span> <span class='ocrx_word' id='word_1_46' title='bbox 435 702 557 735; x_wconf 84' lang='lat' dir='ltr'><strong>parem</strong></span> <span class='ocrx_word' id='word_1_47' title='bbox 572 689 701 724; x_wconf 86' lang='lat' dir='ltr'><strong>virtute</strong></span> <span class='ocrx_word' id='word_1_48' title='bbox 711 692 824 734; x_wconf 77' lang='lat' dir='ltr'><strong>patri,</strong></span> <span class='ocrx_word' id='word_1_49' title='bbox 848 689 908 734; x_wconf 84' lang='lat' dir='ltr'><strong>qui</strong></span> <span class='ocrx_word' id='word_1_50' title='bbox 924 689 1031 725; x_wconf 78' lang='lat' dir='ltr'><strong>frena</strong></span> <span class='ocrx_word' id='word_1_51' title='bbox 1049 690 1187 725; x_wconf 84' lang='lat' dir='ltr'><strong>coactus</strong></span> 
     </span>
     <span class='ocr_line' id='line_1_9' title="bbox 382 749 1018 796; baseline 0.002 -11"><span class='ocrx_word' id='word_1_52' title='bbox 382 749 483 796; x_wconf 77' lang='lat' dir='ltr'><strong>Saepe</strong></span> <span class='ocrx_word' id='word_1_53' title='bbox 497 753 649 785; x_wconf 79' lang='lat' dir='ltr'><strong>recusati</strong></span> <span class='ocrx_word' id='word_1_54' title='bbox 659 749 791 796; x_wconf 80' lang='lat' dir='ltr'>ceperit</span> <span class='ocrx_word' id='word_1_55' title='bbox 808 753 943 795; x_wconf 81' lang='lat' dir='ltr'><strong>imperii</strong></span> <span class='ocrx_word' id='word_1_56' title='bbox 954 757 1018 786; x_wconf 88' lang='lat' dir='ltr'><strong>etc.</strong></span> 
     </span>
    </p>
   </div>
   <div class='ocr_carea' id='block_1_3' title="bbox 115 834 1559 1289">
    <p class='ocr_par' dir='ltr' id='par_1_8' title="bbox 115 834 1559 1289">
     <span class='ocr_line' id='line_1_10' title="bbox 115 834 1553 903; baseline 0.002 -19"><span class='ocrx_word' id='word_1_57' title='bbox 115 837 229 885; x_wconf 84' lang='lat' dir='ltr'><strong>Eece</strong></span> <span class='ocrx_word' id='word_1_58' title='bbox 253 847 386 903; x_wconf 88' lang='lat' dir='ltr'><strong>poeta</strong></span> <span class='ocrx_word' id='word_1_59' title='bbox 408 854 501 884; x_wconf 90' lang='lat' dir='ltr'><strong>non</strong></span> <span class='ocrx_word' id='word_1_60' title='bbox 525 834 662 884; x_wconf 89' lang='lat' dir='ltr'><strong>modo</strong></span> <span class='ocrx_word' id='word_1_61' title='bbox 701 837 939 902; x_wconf 67' lang='lat' dir='ltr'><strong>Augustum</strong></span> <span class='ocrx_word' id='word_1_62' title='bbox 964 836 1052 902; x_wconf 89' lang='lat' dir='ltr'><strong>jam</strong></span> <span class='ocrx_word' id='word_1_63' title='bbox 1080 837 1282 886; x_wconf 89' lang='lat' dir='ltr'><strong>functum</strong></span> <span class='ocrx_word' id='word_1_64' title='bbox 1315 856 1365 886; x_wconf 88' lang='lat' dir='ltr'><strong>ac</strong></span> <span class='ocrx_word' id='word_1_65' title='bbox 1396 856 1553 887; x_wconf 88' lang='lat' dir='ltr'><strong>conse-</strong></span> 
     </span>
     <span class='ocr_line' id='line_1_11' title="bbox 118 911 1557 980; baseline 0.003 -20"><span class='ocrx_word' id='word_1_66' title='bbox 118 923 287 962; x_wconf 91' lang='lat' dir='ltr'><strong>cratum</strong></span> <span class='ocrx_word' id='word_1_67' title='bbox 306 912 394 962; x_wconf 91' lang='lat' dir='ltr'><strong>isto</strong></span> <span class='ocrx_word' id='word_1_68' title='bbox 408 912 663 963; x_wconf 87' lang='lat' dir='ltr'><strong>laudaverat</strong></span> <span class='ocrx_word' id='word_1_69' title='bbox 679 911 798 962; x_wconf 90' lang='lat' dir='ltr'><strong>libro</strong></span> <span class='ocrx_word' id='word_1_70' title='bbox 813 952 825 972; x_wconf 87' lang='lat'><strong>‚</strong></span> <span class='ocrx_word' id='word_1_71' title='bbox 852 913 930 963; x_wconf 86' lang='lat' dir='ltr'><strong>sed</strong></span> <span class='ocrx_word' id='word_1_72' title='bbox 948 925 993 962; x_wconf 87' lang='lat' dir='ltr'><strong>et</strong></span> <span class='ocrx_word' id='word_1_73' title='bbox 1008 913 1240 963; x_wconf 87' lang='lat' dir='ltr'><strong>Tiberium</strong></span> <span class='ocrx_word' id='word_1_74' title='bbox 1264 914 1358 980; x_wconf 90' lang='lat' dir='ltr'><strong>ejus</strong></span> <span class='ocrx_word' id='word_1_75' title='bbox 1382 935 1557 965; x_wconf 90' lang='lat' dir='ltr'><strong>succes-</strong></span> 
     </span>
     <span class='ocr_line' id='line_1_12' title="bbox 119 991 1556 1059; baseline 0.003 -21"><span class='ocrx_word' id='word_1_76' title='bbox 119 1009 290 1050; x_wconf 86' lang='lat' dir='ltr'><strong>sorem,</strong></span> <span class='ocrx_word' id='word_1_77' title='bbox 321 991 377 1040; x_wconf 89' lang='lat' dir='ltr'><strong>ad</strong></span> <span class='ocrx_word' id='word_1_78' title='bbox 399 991 524 1058; x_wconf 83' lang='lat' dir='ltr'><strong>cujus</strong></span> <span class='ocrx_word' id='word_1_79' title='bbox 554 991 701 1041; x_wconf 87' lang='lat' dir='ltr'><strong>fictam</strong></span> <span class='ocrx_word' id='word_1_80' title='bbox 731 991 904 1040; x_wconf 83' lang='lat' dir='ltr'><strong>adludit</strong></span> <span class='ocrx_word' id='word_1_81' title='bbox 931 991 1218 1051; x_wconf 88' lang='lat' dir='ltr'><strong>modestiam,</strong></span> <span class='ocrx_word' id='word_1_82' title='bbox 1247 1012 1334 1059; x_wconf 88' lang='lat' dir='ltr'><strong>qua</strong></span> <span class='ocrx_word' id='word_1_83' title='bbox 1363 993 1401 1042; x_wconf 89' lang='lat' dir='ltr'><strong>is</strong></span> <span class='ocrx_word' id='word_1_84' title='bbox 1435 993 1556 1043; x_wconf 90' lang='lat' dir='ltr'><strong>velut</strong></span> 
     </span>
     <span class='ocr_line' id='line_1_13' title="bbox 120 1068 1556 1136; baseline 0.003 -21"><span class='ocrx_word' id='word_1_85' title='bbox 120 1079 299 1116; x_wconf 88' lang='lat' dir='ltr'><strong>coactus</strong></span> <span class='ocrx_word' id='word_1_86' title='bbox 311 1105 323 1126; x_wconf 92' lang='lat'><strong>‚</strong></span> <span class='ocrx_word' id='word_1_87' title='bbox 342 1080 386 1116; x_wconf 92' lang='lat' dir='ltr'><strong>et</strong></span> <span class='ocrx_word' id='word_1_88' title='bbox 404 1087 592 1136; x_wconf 90' lang='lat' dir='ltr'><strong>querens</strong></span> <span class='ocrx_word' id='word_1_89' title='bbox 606 1068 1153 1136; x_wconf 86' lang='lat' dir='ltr'><strong>miseram-onerosamque</strong></span> <span class='ocrx_word' id='word_1_90' title='bbox 1172 1069 1258 1118; x_wconf 89' lang='lat' dir='ltr'><strong>sibi</strong></span> <span class='ocrx_word' id='word_1_91' title='bbox 1274 1069 1447 1135; x_wconf 85' lang='lat' dir='ltr'><strong>injungi</strong></span> <span class='ocrx_word' id='word_1_92' title='bbox 1466 1090 1556 1120; x_wconf 90' lang='lat' dir='ltr'><strong>ser-</strong></span> 
     </span>
     <span class='ocr_line' id='line_1_14' title="bbox 122 1143 1559 1214; baseline 0.003 -23"><span class='ocrx_word' id='word_1_93' title='bbox 122 1146 304 1192; x_wconf 88' lang='lat' dir='ltr'><strong>vitutem</strong></span> <span class='ocrx_word' id='word_1_94' title='bbox 322 1181 333 1202; x_wconf 93' lang='lat'>‚</span> <span class='ocrx_word' id='word_1_95' title='bbox 359 1143 593 1211; x_wconf 88' lang='lat' dir='ltr'><strong>imperium</strong></span> <span class='ocrx_word' id='word_1_96' title='bbox 615 1145 782 1211; x_wconf 89' lang='lat' dir='ltr'><strong>recepit</strong></span> <span class='ocrx_word' id='word_1_97' title='bbox 802 1183 813 1203; x_wconf 86' lang='lat'>‚</span> <span class='ocrx_word' id='word_1_98' title='bbox 847 1145 914 1193; x_wconf 88' lang='lat' dir='ltr'><strong>uti</strong></span> <span class='ocrx_word' id='word_1_99' title='bbox 938 1145 1085 1194; x_wconf 86' lang='lat' dir='ltr'><strong>doceri</strong></span> <span class='ocrx_word' id='word_1_100' title='bbox 1106 1164 1131 1193; x_wconf 91' lang='lat' dir='ltr'><strong>a</strong></span> <span class='ocrx_word' id='word_1_101' title='bbox 1153 1146 1310 1194; x_wconf 86' lang='lat' dir='ltr'><strong>Tacito</strong></span> <span class='ocrx_word' id='word_1_102' title='bbox 1333 1147 1385 1195; x_wconf 89' lang='lat' dir='ltr'><strong>ad</strong></span> <span class='ocrx_word' id='word_1_103' title='bbox 1416 1166 1559 1214; x_wconf 90' lang='lat' dir='ltr'><strong>supe-</strong></span> 
     </span>
     <span class='ocr_line' id='line_1_15' title="bbox 122 1218 1557 1289; baseline 0.003 -22"><span class='ocrx_word' id='word_1_104' title='bbox 122 1218 282 1268; x_wconf 87' lang='lat' dir='ltr'><strong>riorem</strong></span> <span class='ocrx_word' id='word_1_105' title='bbox 318 1238 484 1268; x_wconf 88' lang='lat' dir='ltr'><strong>anuum</strong></span> <span class='ocrx_word' id='word_1_106' title='bbox 505 1257 517 1279; x_wconf 94' lang='lat'>‚</span> <span class='ocrx_word' id='word_1_107' title='bbox 554 1239 599 1269; x_wconf 92' lang='lat' dir='ltr'><strong>n.</strong></span> <span class='ocrx_word' id='word_1_108' title='bbox 632 1222 663 1282; x_wconf 77' lang='grc'><em>4</em></span> <span class='ocrx_word' id='word_1_109' title='bbox 681 1259 693 1279; x_wconf 89' lang='grc'>,</span> <span class='ocrx_word' id='word_1_110' title='bbox 721 1220 1064 1276; x_wconf 83' lang='lat' dir='ltr'><strong>observavimus.</strong></span> <span class='ocrx_word' id='word_1_111' title='bbox 1106 1221 1251 1286; x_wconf 78' lang='lat' dir='ltr'><strong>Igitur</strong></span> <span class='ocrx_word' id='word_1_112' title='bbox 1283 1241 1421 1289; x_wconf 90' lang='lat' dir='ltr'><strong>quum</strong></span> <span class='ocrx_word' id='word_1_113' title='bbox 1451 1242 1557 1272; x_wconf 82' lang='lat' dir='ltr'><strong>mox</strong></span> 
     </span>
    </p>
   </div>
   <div class='ocr_carea' id='block_1_4' title="bbox 123 1296 909 1365">
    <p class='ocr_par' dir='ltr' id='par_1_9' title="bbox 123 1296 909 1365">
     <span class='ocr_line' id='line_1_16' title="bbox 123 1296 909 1365; baseline 0.003 -20"><span class='ocrx_word' id='word_1_114' title='bbox 123 1296 313 1347; x_wconf 89' lang='lat' dir='ltr'><strong>Ovidius</strong></span> <span class='ocrx_word' id='word_1_115' title='bbox 338 1297 497 1357; x_wconf 89' lang='lat' dir='ltr'><strong>addat,</strong></span> <span class='ocrx_word' id='word_1_116' title='bbox 522 1317 633 1347; x_wconf 90' lang='lat' dir='ltr'><strong>vers.</strong></span> <span class='ocrx_word' id='word_1_117' title='bbox 663 1298 725 1365; x_wconf 84' lang='grc'><strong>39</strong></span> <span class='ocrx_word' id='word_1_118' title='bbox 747 1310 790 1346; x_wconf 92' lang='lat' dir='ltr'><strong>et</strong></span> <span class='ocrx_word' id='word_1_119' title='bbox 816 1300 878 1360; x_wconf 71' lang='lat'><strong>40</strong></span> <span class='ocrx_word' id='word_1_120' title='bbox 898 1319 909 1347; x_wconf 75' lang='grc' dir='ltr'><em>ε</em></span> 
     </span>
    </p>
   </div>
   <div class='ocr_carea' id='block_1_5' title="bbox 397 1396 1173 1505">
    <p class='ocr_par' dir='ltr' id='par_1_10' title="bbox 397 1396 1173 1505">
     <span class='ocr_line' id='line_1_17' title="bbox 513 1396 1095 1443; baseline 0.002 -12"><span class='ocrx_word' id='word_1_121' title='bbox 513 1423 521 1432; x_wconf 92' lang='grc'><strong><em>,</em></strong></span> <span class='ocrx_word' id='word_1_122' title='bbox 535 1421 544 1431; x_wconf 92' lang='grc'><strong>.</strong></span> <span class='ocrx_word' id='word_1_123' title='bbox 558 1423 565 1431; x_wconf 92' lang='grc'><strong>.</strong></span> <span class='ocrx_word' id='word_1_124' title='bbox 588 1397 650 1433; x_wconf 87' lang='lat' dir='ltr'><strong>sed</strong></span> <span class='ocrx_word' id='word_1_125' title='bbox 667 1410 725 1432; x_wconf 85' lang='lat' dir='ltr'><strong>me</strong></span> <span class='ocrx_word' id='word_1_126' title='bbox 743 1397 815 1443; x_wconf 81' lang='lat' dir='ltr'><strong>jam</strong></span> <span class='ocrx_word' id='word_1_127' title='bbox 830 1422 840 1441; x_wconf 88' lang='lat'>,</span> <span class='ocrx_word' id='word_1_128' title='bbox 858 1396 972 1442; x_wconf 90' lang='lat' dir='ltr'><strong>Care,</strong></span> <span class='ocrx_word' id='word_1_129' title='bbox 990 1397 1095 1432; x_wconf 84' lang='lat' dir='ltr'><strong>nivali</strong></span> 
     </span>
     <span class='ocr_line' id='line_1_18' title="bbox 397 1458 1173 1505; baseline -0.001 -10"><span class='ocrx_word' id='word_1_130' title='bbox 397 1458 523 1495; x_wconf 65' lang='lat' dir='ltr'><strong>Sum</strong></span> <span class='ocrx_word' id='word_1_131' title='bbox 538 1458 734 1505; x_wconf 85' lang='lat' dir='ltr'><strong>relegatum</strong></span> <span class='ocrx_word' id='word_1_132' title='bbox 750 1467 888 1495; x_wconf 61' lang='lat' dir='ltr'><strong>nnuma</strong></span> <span class='ocrx_word' id='word_1_133' title='bbox 903 1459 967 1494; x_wconf 88' lang='lat' dir='ltr'><strong>sub</strong></span> <span class='ocrx_word' id='word_1_134' title='bbox 983 1472 1043 1493; x_wconf 86' lang='lat' dir='ltr'><strong>axe</strong></span> <span class='ocrx_word' id='word_1_135' title='bbox 1061 1458 1173 1494; x_wconf 81' lang='lat' dir='ltr'><strong>videt:</strong></span> 
     </span>
    </p>
   </div>
   <div class='ocr_carea' id='block_1_6' title="bbox 125 1544 1572 2243">
    <p class='ocr_par' dir='ltr' id='par_1_11' title="bbox 125 1544 1572 2243">
     <span class='ocr_line' id='line_1_19' title="bbox 125 1544 1564 1615; baseline 0 -20"><span class='ocrx_word' id='word_1_136' title='bbox 125 1546 243 1596; x_wconf 86' lang='lat' dir='ltr'><strong>Hinc</strong></span> <span class='ocrx_word' id='word_1_137' title='bbox 260 1545 542 1595; x_wconf 86' lang='lat' dir='ltr'><strong>manifestum</strong></span> <span class='ocrx_word' id='word_1_138' title='bbox 560 1557 627 1594; x_wconf 92' lang='lat' dir='ltr'><strong>est</strong></span> <span class='ocrx_word' id='word_1_139' title='bbox 640 1583 652 1604; x_wconf 91' lang='lat'>‚</span> <span class='ocrx_word' id='word_1_140' title='bbox 672 1544 921 1613; x_wconf 88' lang='lat' dir='ltr'><strong>Epistolam</strong></span> <span class='ocrx_word' id='word_1_141' title='bbox 937 1546 1103 1594; x_wconf 89' lang='lat' dir='ltr'><strong>hancce</strong></span> <span class='ocrx_word' id='word_1_142' title='bbox 1119 1545 1257 1615; x_wconf 68' lang='lat' dir='ltr'><strong>hyeme</strong></span> <span class='ocrx_word' id='word_1_143' title='bbox 1270 1585 1282 1603; x_wconf 91' lang='lat'><em>‚</em></span> <span class='ocrx_word' id='word_1_144' title='bbox 1305 1564 1402 1613; x_wconf 88' lang='lat' dir='ltr'><strong>quae</strong></span> <span class='ocrx_word' id='word_1_145' title='bbox 1418 1546 1564 1613; x_wconf 85' lang='lat' dir='ltr'><strong>proxi-</strong></span> 
     </span>
     <span class='ocr_line' id='line_1_20' title="bbox 127 1623 1566 1692; baseline 0.001 -20"><span class='ocrx_word' id='word_1_146' title='bbox 127 1643 198 1672; x_wconf 91' lang='lat' dir='ltr'><strong>me</strong></span> <span class='ocrx_word' id='word_1_147' title='bbox 215 1623 412 1688; x_wconf 81' lang='lat' dir='ltr'><strong>Augusti</strong></span> <span class='ocrx_word' id='word_1_148' title='bbox 432 1623 606 1672; x_wconf 88' lang='lat' dir='ltr'><strong>obitum</strong></span> <span class='ocrx_word' id='word_1_149' title='bbox 625 1636 775 1673; x_wconf 88' lang='lat' dir='ltr'><strong>secuta</strong></span> <span class='ocrx_word' id='word_1_150' title='bbox 797 1637 888 1683; x_wconf 82' lang='lat' dir='ltr'><strong>est,</strong></span> <span class='ocrx_word' id='word_1_151' title='bbox 913 1624 1045 1682; x_wconf 83' lang='lat' dir='ltr'><strong>Caro,</strong></span> <span class='ocrx_word' id='word_1_152' title='bbox 1075 1624 1228 1673; x_wconf 84' lang='lat' dir='ltr'><strong>itidem</strong></span> <span class='ocrx_word' id='word_1_153' title='bbox 1247 1636 1387 1692; x_wconf 89' lang='lat' dir='ltr'><strong>poetae</strong></span> <span class='ocrx_word' id='word_1_154' title='bbox 1411 1631 1441 1683; x_wconf 87' lang='lat'><strong>¹,</strong></span> <span class='ocrx_word' id='word_1_155' title='bbox 1460 1625 1566 1673; x_wconf 89' lang='lat' dir='ltr'><strong>mis-</strong></span> 
     </span>
     <span class='ocr_line' id='line_1_21' title="bbox 127 1702 1562 1771; baseline 0.001 -19"><span class='ocrx_word' id='word_1_156' title='bbox 127 1722 219 1752; x_wconf 90' lang='lat' dir='ltr'><strong>sam</strong></span> <span class='ocrx_word' id='word_1_157' title='bbox 235 1722 260 1752; x_wconf 88' lang='lat' dir='ltr'><strong>a</strong></span> <span class='ocrx_word' id='word_1_158' title='bbox 275 1704 444 1752; x_wconf 84' lang='lat' dir='ltr'><strong>Nostro</strong></span> <span class='ocrx_word' id='word_1_159' title='bbox 465 1702 621 1762; x_wconf 83' lang='lat' dir='ltr'><strong>fuisse,</strong></span> <span class='ocrx_word' id='word_1_160' title='bbox 641 1703 689 1752; x_wconf 72' lang='lat' dir='ltr'><strong>id·</strong></span> <span class='ocrx_word' id='word_1_161' title='bbox 709 1716 796 1762; x_wconf 84' lang='lat' dir='ltr'><strong>est,</strong></span> <span class='ocrx_word' id='word_1_162' title='bbox 822 1703 891 1753; x_wconf 89' lang='lat' dir='ltr'><strong>vel</strong></span> <span class='ocrx_word' id='word_1_163' title='bbox 915 1724 1032 1753; x_wconf 88' lang='lat' dir='ltr'><strong>anno</strong></span> <span class='ocrx_word' id='word_1_164' title='bbox 1057 1705 1284 1771; x_wconf 88' lang='lat' dir='ltr'><strong>superiore</strong></span> <span class='ocrx_word' id='word_1_165' title='bbox 1308 1704 1535 1753; x_wconf 83' lang='lat' dir='ltr'><strong>desinente</strong></span> <span class='ocrx_word' id='word_1_166' title='bbox 1550 1742 1562 1762; x_wconf 86' lang='lat'>‚</span> 
     </span>
     <span class='ocr_line' id='line_1_22' title="bbox 126 1780 1563 1849; baseline 0 -19"><span class='ocrx_word' id='word_1_167' title='bbox 126 1781 193 1830; x_wconf 90' lang='lat' dir='ltr'><strong>vel</strong></span> <span class='ocrx_word' id='word_1_168' title='bbox 208 1781 295 1830; x_wconf 90' lang='lat' dir='ltr'><strong>hoc</strong></span> <span class='ocrx_word' id='word_1_169' title='bbox 312 1780 552 1848; x_wconf 79' lang='lat' dir='ltr'><strong>incipiente</strong></span> <span class='ocrx_word' id='word_1_170' title='bbox 568 1820 580 1840; x_wconf 90' lang='lat'>‚</span> <span class='ocrx_word' id='word_1_171' title='bbox 600 1781 723 1848; x_wconf 88' lang='lat' dir='ltr'><strong>quod</strong></span> <span class='ocrx_word' id='word_1_172' title='bbox 736 1781 876 1845; x_wconf 86' lang='lat' dir='ltr'><strong>magis</strong></span> <span class='ocrx_word' id='word_1_173' title='bbox 891 1782 1002 1831; x_wconf 83' lang='lat' dir='ltr'><strong>mihi</strong></span> <span class='ocrx_word' id='word_1_174' title='bbox 1022 1782 1181 1849; x_wconf 87' lang='lat' dir='ltr'><strong>placet.</strong></span> <span class='ocrx_word' id='word_1_175' title='bbox 1201 1783 1289 1831; x_wconf 86' lang='lat' dir='ltr'><strong>Vix</strong></span> <span class='ocrx_word' id='word_1_176' title='bbox 1308 1782 1424 1830; x_wconf 88' lang='lat' dir='ltr'><strong>enim</strong></span> <span class='ocrx_word' id='word_1_177' title='bbox 1443 1784 1563 1831; x_wconf 85' lang='lat' dir='ltr'><strong>Naso</strong></span> 
     </span>
     <span class='ocr_line' id='line_1_23' title="bbox 129 1859 1569 1927; baseline -0.002 -17"><span class='ocrx_word' id='word_1_178' title='bbox 129 1874 197 1911; x_wconf 90' lang='lat' dir='ltr'><strong>tot</strong></span> <span class='ocrx_word' id='word_1_179' title='bbox 217 1861 407 1911; x_wconf 89' lang='lat' dir='ltr'><strong>carmina</strong></span> <span class='ocrx_word' id='word_1_180' title='bbox 433 1873 478 1909; x_wconf 89' lang='lat' dir='ltr'><strong>et</strong></span> <span class='ocrx_word' id='word_1_181' title='bbox 499 1860 635 1909; x_wconf 76' lang='lat' dir='ltr'><strong>latin-e</strong></span> <span class='ocrx_word' id='word_1_182' title='bbox 659 1872 702 1909; x_wconf 90' lang='lat' dir='ltr'><strong>et</strong></span> <span class='ocrx_word' id='word_1_183' title='bbox 729 1860 869 1924; x_wconf 84' lang='lat' dir='ltr'><strong>getice</strong></span> <span class='ocrx_word' id='word_1_184' title='bbox 889 1879 1065 1910; x_wconf 87' lang='lat' dir='ltr'><strong>exarare</strong></span> <span class='ocrx_word' id='word_1_185' title='bbox 1083 1873 1184 1909; x_wconf 88' lang='lat' dir='ltr'><strong>ante</strong></span> <span class='ocrx_word' id='word_1_186' title='bbox 1201 1860 1443 1927; x_wconf 86' lang='lat' dir='ltr'><strong>superioris</strong></span> <span class='ocrx_word' id='word_1_187' title='bbox 1466 1859 1569 1908; x_wconf 87' lang='lat' dir='ltr'><strong>anni</strong></span> 
     </span>
     <span class='ocr_line' id='line_1_24' title="bbox 129 1938 1569 2007; baseline -0.002 -19"><span class='ocrx_word' id='word_1_188' title='bbox 129 1939 262 1988; x_wconf 89' lang='lat' dir='ltr'><strong>finem</strong></span> <span class='ocrx_word' id='word_1_189' title='bbox 295 1939 540 2007; x_wconf 87' lang='lat' dir='ltr'><strong>potuisset,</strong></span> <span class='ocrx_word' id='word_1_190' title='bbox 568 1950 679 2006; x_wconf 91' lang='lat' dir='ltr'><strong>quot</strong></span> <span class='ocrx_word' id='word_1_191' title='bbox 702 1950 803 1987; x_wconf 86' lang='lat' dir='ltr'><strong>ante</strong></span> <span class='ocrx_word' id='word_1_192' title='bbox 827 1938 1018 1987; x_wconf 90' lang='lat' dir='ltr'><strong>vidimus</strong></span> <span class='ocrx_word' id='word_1_193' title='bbox 1049 1938 1104 1986; x_wconf 89' lang='lat' dir='ltr'><strong>ab</strong></span> <span class='ocrx_word' id='word_1_194' title='bbox 1128 1958 1178 1987; x_wconf 91' lang='lat' dir='ltr'><strong>ea</strong></span> <span class='ocrx_word' id='word_1_195' title='bbox 1207 1938 1484 2005; x_wconf 87' lang='lat' dir='ltr'><strong>conscripta,</strong></span> <span class='ocrx_word' id='word_1_196' title='bbox 1517 1957 1569 1986; x_wconf 86' lang='lat' dir='ltr'><strong>ex</strong></span> 
     </span>
     <span class='ocr_line' id='line_1_25' title="bbox 135 2017 1572 2086; baseline -0.001 -19"><span class='ocrx_word' id='word_1_197' title='bbox 135 2038 224 2086; x_wconf 91' lang='lat' dir='ltr'><strong>quo</strong></span> <span class='ocrx_word' id='word_1_198' title='bbox 245 2030 459 2083; x_wconf 70' lang='lat' dir='ltr'><strong>noverat,</strong></span> <span class='ocrx_word' id='word_1_199' title='bbox 480 2019 736 2082; x_wconf 82' lang='lat' dir='ltr'><strong>Augustum</strong></span> <span class='ocrx_word' id='word_1_200' title='bbox 756 2018 1015 2077; x_wconf 86' lang='lat' dir='ltr'><strong>decessisse,</strong></span> <span class='ocrx_word' id='word_1_201' title='bbox 1039 2017 1208 2067; x_wconf 86' lang='lat' dir='ltr'><strong>scilicet</strong></span> <span class='ocrx_word' id='word_1_202' title='bbox 1229 2018 1285 2066; x_wconf 91' lang='lat' dir='ltr'><strong>ab</strong></span> <span class='ocrx_word' id='word_1_203' title='bbox 1305 2030 1489 2067; x_wconf 87' lang='lat' dir='ltr'><strong>exeunte</strong></span> <span class='ocrx_word' id='word_1_204' title='bbox 1507 2019 1572 2066; x_wconf 89' lang='lat' dir='ltr'><strong>ci-</strong></span> 
     </span>
     <span class='ocr_line' id='line_1_26' title="bbox 134 2095 1571 2165; baseline -0.003 -17"><span class='ocrx_word' id='word_1_205' title='bbox 134 2098 353 2148; x_wconf 84' lang='lat' dir='ltr'><strong>tissimum</strong></span> <span class='ocrx_word' id='word_1_206' title='bbox 384 2097 624 2165; x_wconf 75' lang='lat' dir='ltr'><strong>Septembri.</strong></span> <span class='ocrx_word' id='word_1_207' title='bbox 651 2098 864 2146; x_wconf 85' lang='lat' dir='ltr'><strong>Praeterea</strong></span> <span class='ocrx_word' id='word_1_208' title='bbox 882 2109 1034 2145; x_wconf 89' lang='lat' dir='ltr'><strong>monet</strong></span> <span class='ocrx_word' id='word_1_209' title='bbox 1057 2096 1266 2145; x_wconf 89' lang='lat' dir='ltr'><strong>Severum</strong></span> <span class='ocrx_word' id='word_1_210' title='bbox 1288 2095 1491 2163; x_wconf 80' lang='lat' dir='ltr'><strong>Epistola</strong></span> <span class='ocrx_word' id='word_1_211' title='bbox 1509 2109 1571 2154; x_wconf 76' lang='grc' dir='ltr'><strong>Π,</strong></span> 
     </span>
     <span class='ocr_line' id='line_1_27' title="bbox 136 2172 1570 2243; baseline -0.004 -16"><span class='ocrx_word' id='word_1_212' title='bbox 136 2196 181 2227; x_wconf 90' lang='lat' dir='ltr'><strong>se</strong></span> <span class='ocrx_word' id='word_1_213' title='bbox 205 2177 277 2226; x_wconf 89' lang='lat' dir='ltr'><strong>his</strong></span> <span class='ocrx_word' id='word_1_214' title='bbox 301 2172 580 2243; x_wconf 86' lang='lat' dir='ltr'><strong>temporibus</strong></span> <span class='ocrx_word' id='word_1_215' title='bbox 605 2175 746 2224; x_wconf 90' lang='lat' dir='ltr'><strong>rarius</strong></span> <span class='ocrx_word' id='word_1_216' title='bbox 767 2194 899 2242; x_wconf 88' lang='lat' dir='ltr'><strong>quam</strong></span> <span class='ocrx_word' id='word_1_217' title='bbox 917 2186 1018 2223; x_wconf 89' lang='lat' dir='ltr'><strong>ante</strong></span> <span class='ocrx_word' id='word_1_218' title='bbox 1037 2174 1288 2241; x_wconf 83' lang='lat' dir='ltr'><strong>scripsisse,</strong></span> <span class='ocrx_word' id='word_1_219' title='bbox 1310 2194 1372 2223; x_wconf 89' lang='lat' dir='ltr'><strong>vs.</strong></span> <span class='ocrx_word' id='word_1_220' title='bbox 1394 2173 1570 2223; x_wconf 84' lang='lat'>23-30:</span> 
     </span>
    </p>
   </div>
   <div class='ocr_carea' id='block_1_7' title="bbox 354 2273 1276 2382">
    <p class='ocr_par' dir='ltr' id='par_1_12' title="bbox 354 2273 1276 2382">
     <span class='ocr_line' id='line_1_28' title="bbox 354 2273 1276 2320; baseline -0.001 -9"><span class='ocrx_word' id='word_1_221' title='bbox 354 2276 411 2312; x_wconf 92' lang='lat' dir='ltr'><strong>Da</strong></span> <span class='ocrx_word' id='word_1_222' title='bbox 426 2275 567 2310; x_wconf 86' lang='lat' dir='ltr'><strong>veniam</strong></span> <span class='ocrx_word' id='word_1_223' title='bbox 584 2273 693 2316; x_wconf 82' lang='lat' dir='ltr'><strong>fass03</strong></span> <span class='ocrx_word' id='word_1_224' title='bbox 713 2273 835 2309; x_wconf 89' lang='lat' dir='ltr'><strong>studiis</strong></span> <span class='ocrx_word' id='word_1_225' title='bbox 854 2287 994 2320; x_wconf 88' lang='lat' dir='ltr'><strong>quoque</strong></span> <span class='ocrx_word' id='word_1_226' title='bbox 1014 2273 1114 2310; x_wconf 85' lang='lat' dir='ltr'><strong>frena</strong></span> <span class='ocrx_word' id='word_1_227' title='bbox 1131 2274 1250 2310; x_wconf 86' lang='lat' dir='ltr'><strong>remisi</strong></span> <span class='ocrx_word' id='word_1_228' title='bbox 1267 2287 1276 2310; x_wconf 74' lang='grc' dir='ltr'><strong><em>ε</em></strong></span> 
     </span>
     <span class='ocr_line' id='line_1_29' title="bbox 401 2335 1153 2382; baseline -0.004 -9"><span class='ocrx_word' id='word_1_229' title='bbox 401 2337 555 2373; x_wconf 78' lang='lat' dir='ltr'><strong>Ducitur</strong></span> <span class='ocrx_word' id='word_1_230' title='bbox 570 2343 606 2371; x_wconf 87' lang='lat' dir='ltr'><strong>et</strong></span> <span class='ocrx_word' id='word_1_231' title='bbox 622 2335 737 2382; x_wconf 80' lang='lat' dir='ltr'><strong>digitis</strong></span> <span class='ocrx_word' id='word_1_232' title='bbox 752 2338 850 2370; x_wconf 82' lang='lat' dir='ltr'><strong>litem</strong></span> <span class='ocrx_word' id='word_1_233' title='bbox 866 2349 947 2371; x_wconf 84' lang='lat' dir='ltr'><strong>ram</strong></span> <span class='ocrx_word' id='word_1_234' title='bbox 962 2335 1049 2371; x_wconf 88' lang='lat' dir='ltr'><strong>meis</strong></span> <span class='ocrx_word' id='word_1_235' title='bbox 1061 2362 1070 2380; x_wconf 90' lang='lat'>‚</span> <span class='ocrx_word' id='word_1_236' title='bbox 1090 2343 1153 2372; x_wconf 84' lang='lat' dir='ltr'><strong>etc.</strong></span> 
     </span>
    </p>
   </div>
   <div class='ocr_carea' id='block_1_8' title="bbox 139 2419 1576 2564">
    <p class='ocr_par' dir='ltr' id='par_1_13' title="bbox 139 2419 1576 2564">
     <span class='ocr_line' id='line_1_30' title="bbox 202 2419 1576 2488; baseline -0.002 -17"><span class='ocrx_word' id='word_1_237' title='bbox 202 2424 261 2471; x_wconf 91' lang='grc' dir='ltr'><strong>Π.</strong></span> <span class='ocrx_word' id='word_1_238' title='bbox 283 2423 484 2471; x_wconf 76' lang='lat' dir='ltr'>AESTATE</span> <span class='ocrx_word' id='word_1_239' title='bbox 500 2440 603 2470; x_wconf 85' lang='lat' dir='ltr'><strong>vero</strong></span> <span class='ocrx_word' id='word_1_240' title='bbox 619 2420 804 2485; x_wconf 88' lang='lat' dir='ltr'><strong>hujusce</strong></span> <span class='ocrx_word' id='word_1_241' title='bbox 817 2420 921 2468; x_wconf 91' lang='lat' dir='ltr'><strong>anni</strong></span> <span class='ocrx_word' id='word_1_242' title='bbox 933 2421 1054 2470; x_wconf 85' lang='lat' dir='ltr'><strong>Naso</strong></span> <span class='ocrx_word' id='word_1_243' title='bbox 1069 2419 1318 2488; x_wconf 86' lang='lat' dir='ltr'><strong>Epistolam</strong></span> <span class='ocrx_word' id='word_1_244' title='bbox 1334 2434 1364 2468; x_wconf 84' lang='lat' dir='ltr'>x</span> <span class='ocrx_word' id='word_1_245' title='bbox 1381 2419 1576 2484; x_wconf 88' lang='lat' dir='ltr'><strong>ejusdem</strong></span> 
     </span>
     <span class='ocr_line' id='line_1_31' title="bbox 139 2495 1575 2564; baseline -0.003 -16"><span class='ocrx_word' id='word_1_246' title='bbox 139 2499 244 2548; x_wconf 86' lang='lat' dir='ltr'><strong>libri</strong></span> <span class='ocrx_word' id='word_1_247' title='bbox 267 2500 332 2547; x_wconf 80' lang='lat' dir='ltr'><strong>IV</strong></span> <span class='ocrx_word' id='word_1_248' title='bbox 355 2499 623 2548; x_wconf 79' lang='lat' dir='ltr'><strong>Albinovano</strong></span> <span class='ocrx_word' id='word_1_249' title='bbox 641 2495 809 2545; x_wconf 77' lang='lat' dir='ltr'><strong>Pedoni</strong></span> <span class='ocrx_word' id='word_1_250' title='bbox 831 2502 847 2520; x_wconf 88' lang='lat'>²</span> <span class='ocrx_word' id='word_1_251' title='bbox 871 2496 1018 2555; x_wconf 87' lang='lat' dir='ltr'><strong>dedit,</strong></span> <span class='ocrx_word' id='word_1_252' title='bbox 1046 2517 1183 2564; x_wconf 91' lang='lat' dir='ltr'><strong>quum</strong></span> <span class='ocrx_word' id='word_1_253' title='bbox 1207 2496 1269 2546; x_wconf 88' lang='lat' dir='ltr'><strong>sic</strong></span> <span class='ocrx_word' id='word_1_254' title='bbox 1291 2495 1545 2545; x_wconf 79' lang='lat' dir='ltr'><strong>exordiatur</strong></span> <span class='ocrx_word' id='word_1_255' title='bbox 1566 2517 1575 2544; x_wconf 92' lang='lat'>:</span> 
     </span>
    </p>
   </div>
   <div class='ocr_carea' id='block_1_9' title="bbox 140 2629 1578 2734">
    <p class='ocr_par' dir='ltr' id='par_1_14' title="bbox 140 2629 1578 2734">
     <span class='ocr_line' id='line_1_32' title="bbox 183 2629 1575 2676; baseline 0.001 -13"><span class='ocrx_word' id='word_1_256' title='bbox 183 2634 194 2653; x_wconf 87' lang='lat'>¹</span> <span class='ocrx_word' id='word_1_257' title='bbox 222 2630 316 2666; x_wconf 86' lang='lat' dir='ltr'><strong>Vide</strong></span> <span class='ocrx_word' id='word_1_258' title='bbox 332 2630 415 2666; x_wconf 90' lang='lat' dir='ltr'><strong>ibid.</strong></span> <span class='ocrx_word' id='word_1_259' title='bbox 433 2643 520 2667; x_wconf 82' lang='lat' dir='ltr'><strong>vers.</strong></span> <span class='ocrx_word' id='word_1_260' title='bbox 544 2644 556 2665; x_wconf 88' lang='lat'>1</span> <span class='ocrx_word' id='word_1_261' title='bbox 574 2658 583 2674; x_wconf 89' lang='lat'>,</span> <span class='ocrx_word' id='word_1_262' title='bbox 608 2644 642 2666; x_wconf 86' lang='lat'><strong>11</strong></span> <span class='ocrx_word' id='word_1_263' title='bbox 659 2656 668 2674; x_wconf 90' lang='lat'>‚</span> <span class='ocrx_word' id='word_1_264' title='bbox 692 2643 730 2664; x_wconf 84' lang='lat'><strong>12</strong></span> <span class='ocrx_word' id='word_1_265' title='bbox 745 2656 754 2674; x_wconf 92' lang='lat'>,</span> <span class='ocrx_word' id='word_1_266' title='bbox 773 2630 837 2674; x_wconf 74' lang='lat'><strong>43,</strong></span> <span class='ocrx_word' id='word_1_267' title='bbox 857 2630 922 2674; x_wconf 82' lang='lat'><strong>46,</strong></span> <span class='ocrx_word' id='word_1_268' title='bbox 941 2643 980 2665; x_wconf 88' lang='lat' dir='ltr'><strong>ac</strong></span> <span class='ocrx_word' id='word_1_269' title='bbox 994 2629 1107 2675; x_wconf 85' lang='lat' dir='ltr'><strong>Epist.</strong></span> <span class='ocrx_word' id='word_1_270' title='bbox 1126 2641 1209 2674; x_wconf 75' lang='lat' dir='ltr'><strong>xvx,</strong></span> <span class='ocrx_word' id='word_1_271' title='bbox 1225 2642 1314 2666; x_wconf 86' lang='lat' dir='ltr'><strong>vers.</strong></span> <span class='ocrx_word' id='word_1_272' title='bbox 1335 2643 1351 2676; x_wconf 90' lang='lat'>7</span> <span class='ocrx_word' id='word_1_273' title='bbox 1369 2637 1406 2665; x_wconf 88' lang='lat' dir='ltr'><strong>et</strong></span> <span class='ocrx_word' id='word_1_274' title='bbox 1422 2631 1462 2674; x_wconf 87' lang='lat'><strong>8,</strong></span> <span class='ocrx_word' id='word_1_275' title='bbox 1480 2629 1575 2665; x_wconf 89' lang='lat' dir='ltr'><strong>unde</strong></span> 
     </span>
     <span class='ocr_line' id='line_1_33' title="bbox 140 2685 1578 2734; baseline -0.001 -11"><span class='ocrx_word' id='word_1_276' title='bbox 140 2688 266 2734; x_wconf 83' lang='lat' dir='ltr'><strong>liquet,</strong></span> <span class='ocrx_word' id='word_1_277' title='bbox 286 2686 421 2722; x_wconf 88' lang='lat' dir='ltr'><strong>Carum</strong></span> <span class='ocrx_word' id='word_1_278' title='bbox 437 2687 479 2722; x_wconf 89' lang='lat' dir='ltr'><strong>de</strong></span> <span class='ocrx_word' id='word_1_279' title='bbox 501 2689 647 2723; x_wconf 80' lang='lat' dir='ltr'><strong>Hercule</strong></span> <span class='ocrx_word' id='word_1_280' title='bbox 663 2699 788 2732; x_wconf 89' lang='lat' dir='ltr'><strong>poema</strong></span> <span class='ocrx_word' id='word_1_281' title='bbox 805 2686 976 2732; x_wconf 81' lang='lat' dir='ltr'><strong>scripsisse</strong></span> <span class='ocrx_word' id='word_1_282' title='bbox 993 2712 1003 2730; x_wconf 92' lang='lat'>,</span> <span class='ocrx_word' id='word_1_283' title='bbox 1017 2693 1120 2732; x_wconf 88' lang='lat' dir='ltr'><strong>atque</strong></span> <span class='ocrx_word' id='word_1_284' title='bbox 1140 2686 1290 2723; x_wconf 80' lang='lat' dir='ltr'><strong>Nasonis</strong></span> <span class='ocrx_word' id='word_1_285' title='bbox 1299 2686 1453 2722; x_wconf 83' lang='lat' dir='ltr'><strong>sodalem</strong></span> <span class='ocrx_word' id='word_1_286' title='bbox 1466 2685 1578 2721; x_wconf 83' lang='lat' dir='ltr'><strong>fuisse.</strong></span> 
     </span>
    </p>
   </div>
   <div class='ocr_carea' id='block_1_10' title="bbox 183 2746 1173 2795">
    <p class='ocr_par' dir='ltr' id='par_1_15' title="bbox 183 2746 1173 2795">
     <span class='ocr_line' id='line_1_34' title="bbox 183 2746 1173 2795; baseline -0.003 -10"><span class='ocrx_word' id='word_1_287' title='bbox 183 2751 200 2771; x_wconf 82' lang='lat'>²</span> <span class='ocrx_word' id='word_1_288' title='bbox 223 2750 257 2785; x_wconf 85' lang='lat' dir='ltr'><strong>Is</strong></span> <span class='ocrx_word' id='word_1_289' title='bbox 270 2756 356 2785; x_wconf 87' lang='lat' dir='ltr'><strong>tunc</strong></span> <span class='ocrx_word' id='word_1_290' title='bbox 373 2749 542 2795; x_wconf 83' lang='lat' dir='ltr'><strong>temporis</strong></span> <span class='ocrx_word' id='word_1_291' title='bbox 564 2749 731 2784; x_wconf 78' lang='lat' dir='ltr'><strong>Theseida</strong></span> <span class='ocrx_word' id='word_1_292' title='bbox 742 2747 934 2792; x_wconf 83' lang='lat' dir='ltr'><strong>condebat,</strong></span> <span class='ocrx_word' id='word_1_293' title='bbox 954 2760 1041 2783; x_wconf 83' lang='lat' dir='ltr'><strong>vers.</strong></span> <span class='ocrx_word' id='word_1_294' title='bbox 1058 2746 1173 2794; x_wconf 77' lang='lat'><strong>71-76.</strong></span> 
     </span>
    </p>
   </div>
  </div>
 </body>
</html>
