1794 3100
271 244 357 286 302
713 246 1244 291 DEDICATIONES

272 337 477 385 bituram.
512 338 626 401 Quis
660 339 774 386 enim
813 358 905 387 non
940 340 1060 388 videt
1072 339 1423 429 procliviorem,
1461 341 1693 408 minusque

273 415 636 464 animadversioni
650 416 829 465 obvium
843 418 935 466 esse
949 418 1108 466 erroris
1121 437 1170 466 ac
1185 417 1506 484 depravationis
1522 418 1693 487 lapsum

271 490 317 538 in
339 492 539 539 oratione
563 491 725 551 soluta,
750 512 878 560 quam
898 506 1013 542 certa
1036 494 1196 560 pedum
1217 512 1420 542 mensura
1447 495 1694 545 adstricta?

273 569 362 617 sive
395 569 545 636 lapsus
577 569 651 619 ille
677 571 893 637 quidem
883 571 1159 634 ingeniorum
1181 570 1348 619 accidat
1369 571 1691 630 imbecillitate,

272 649 362 696 sive
385 647 698 697 librariorum
686 649 873 707 incuria,
896 649 984 708 sive
1003 647 1085 697 alia
1104 667 1375 736 quacumque
1397 648 1550 716 culpa.
1541 652 1565 687 Ρ
1583 651 1696 700 Con-

269 736 335 772 tra
365 743 467 772 vero
498 725 625 773 metri
656 737 771 774 certa
812 738 855 774 et
884 738 1033 774 exacta
1066 723 1179 774 ratio
1201 744 1289 773 non
1314 726 1375 774 ita
1398 726 1522 775 facile
1545 726 1690 777 locum

268 801 377 849 vitio
403 802 635 869 relinquit,
661 815 737 851 aut
760 802 1018 869 corruptelae
1037 802 1124 850 sive
1148 820 1323 860 vocum,
1344 803 1440 851 sive
1456 804 1692 853 sententia-

267 899 379 928 rum.
401 881 509 928 Haec
523 881 659 946 quum
672 881 733 929 ita
746 880 847 937 sint,
866 880 997 942 digna
1012 891 1128 928 certe
1139 878 1426 928 admiratione
1435 880 1501 930 est
1514 880 1691 931 illorum

271 956 505 1021 prudentia
521 994 532 1012 ,
554 956 635 1022 qui·
654 958 736 1021 (ut
756 957 885 1004 initio
904 955 1026 1021 dixi)
1048 955 1516 1023 philosophiae-arcana
1530 958 1695 1007 fabulis

268 1034 574 1093 involverunt,
599 1034 858 1101 fabulasque
890 1034 1229 1101 ipsas-versibus
1253 1035 1691 1101 comprehenderunt.

270 1113 372 1176 Qua
406 1114 451 1160 in
483 1133 528 1161 re
549 1151 560 1170 ,
600 1126 756 1180 praeter
790 1109 1126 1162 commoditates
1158 1113 1370 1162 hactenus
1402 1126 1660 1164 memoratas
1680 1153 1691 1173 ‚

266 1188 441 1237 illarum
479 1202 681 1239 auctores
713 1191 840 1238 etiam
863 1189 1098 1238 utilitatem
1134 1189 1200 1238 vel
1237 1191 1423 1238 maxime
1454 1191 1691 1242 attendisse

267 1267 376 1315 mihi
399 1267 628 1324 videntur,
654 1286 750 1334 quae
772 1267 881 1315 inde'
892 1266 1166 1314 redundabat
1190 1267 1243 1320 ad
1265 1267 1524 1323 discentium
1553 1286 1690 1331 genus

268 1345 535 1393 universum.
575 1346 727 1408 Quum
753 1344 867 1392 enim
884 1380 896 1400 ,
923 1343 969 1390 in
1005 1354 1124 1390 tanta
1153 1343 1429 1406 ingeniorum
1454 1343 1657 1394 varietate
1677 1383 1688 1402 ,

266 1421 501 1469 admodum
525 1420 625 1469 illos
648 1420 823 1486 quidem
847 1420 1090 1485 discrepare
1119 1413 1544 1479 animadverterent,
1561 1439 1690 1473 exco—

267 1499 402 1561 gitata
434 1498 517 1546 bae
541 1497 722 1545 docendi
754 1498 949 1555 ratione,
972 1497 1238 1546 studuerunt
1271 1496 1406 1546 veluti
1443 1498 1574 1558 cibo,
1597 1519 1688 1548 uno

258 1575 343 1622 *illo
369 1573 570 1640 quidem,
589 1573 664 1622 sed
683 1574 864 1622 diversis
878 1568 1051 1622 affecto
1058 1574 1292 1641 sapori-bus
1309 1612 1320 1632 ‚
1341 1569 1539 1624 omnium
1559 1577 1689 1625 simul

264 1650 412 1717 palato
437 1649 697 1698 satisfacere.
719 1652 778 1698 Et
793 1669 916 1707 sane,
943 1650 1057 1698 sicut
1075 1650 1400 1699 esculentorum
1415 1651 1687 1718 saporealius

265 1727 351 1776 alio
375 1727 547 1792 capitur
584 1739 713 1793 atque
731 1749 735 1754 ¹
745 1727 937 1792 jucunde
971 1739 1219 1775 recreatur:
1244 1727 1306 1775 ita
1323 1727 1623 1791 ingeniorum,
1650 1731 1686 1779 si

266 1825 352 1872 qua
376 1804 607 1852 obtusiora
631 1817 735 1852 sunt
756 1805 811 1852 ad
839 1805 1150 1872 perspicienda»
1171 1817 1337 1854 naturae
1364 1800 1558 1864 -s‘ecreta,
1589 1827 1686 1857 ver—-

264 1901 393 1930 suum
412 1894 456 1930 et
478 1881 724 1930 fabularum
745 1882 984 1931 involucris
1008 1883 1230 1941 abstrusa,
1254 1882 1520 1932 ’hoc’saltem
1540 1899 1592 1932 ex
1614 1885 1684 1935 his

265 1961 482 2008 commodi
506 1961 732 2018 auferunt,
759 1972 809 2008 ut
831 1960 1040 2008 historias
1064 1960 1265 2025 ipsorum
1286 1972 1570 2026 poematum,
1597 1982 1683 2012 una

264 2056 363 2084 cum
388 2037 627 2085 carminum
649 2037 860 2101 elegantia
884 2049 927 2085 et
948 2032 1267 2086 modulationis
1297 2037 1508 2087 suavitate
1539 2040 1683 2106 perci-

265 2113 389 2179 piant
409 2133 418 2160 :
444 2131 540 2180 quae
563 2133 665 2162 vero
689 2134 740 2163 ex
759 2114 814 2163 iis
836 2114 973 2181 paulo·
990 2127 1094 2162 sunt
1116 2114 1311 2162 acutiora
1325 2152 1337 2173 ,
1358 2115 1486 2163 etiam
1506 2130 1681 2165 sensum

265 2189 444 2239 illorum
467 2191 674 2240 moralem
688 2190 988 2258 adsequantur
1012 2212 1021 2240 ε
1043 2212 1138 2259 quae
1158 2193 1345 2258 denique
1359 2192 1560 2258 utrisque
1579 2205 1684 2240 sunt

265 2269 518 2316 excitatiora
540 2281 585 2317 et
607 2270 826 2333 sagaciora
844 2308 855 2327 ,
880 2282 1039 2337 praeter
1073 2270 1267 2319 historiae
1290 2270 1587 2333 cognitionem
1602 2307 1614 2329 ,
1641 2284 1683 2318 et

264 2365 436 2394 morum
451 2347 702 2396 'doctrinam
718 2386 730 2405 ,
753 2348 799 2395 in
819 2360 983 2396 naturae
1006 2348 1320 2396 obscuritatem
1338 2384 1349 2405 ,
1375 2358 1417 2395 et
1435 2346 1681 2411 astrologia:

264 2441 313 2469 ac
338 2423 566 2486 theologiae
600 2425 727 2491 adyta
757 2437 997 2491 penetrent.
1038 2428 1104 2473 Ita
1133 2444 1224 2473 non
1254 2424 1387 2472 modo
1415 2424 1677 2473 amoenitatis

265 2499 500 2549 oblectatio
514 2502 615 2550 inde
634 2503 689 2551 ad
706 2502 926 2568 sapientiae
944 2503 1170 2550 studiosos
1186 2501 1347 2567 passim
1367 2499 1679 2567 promanabat,

264 2579 338 2626 sed
364 2580 489 2628 etiam
514 2583 793 2630 maximarum
814 2581 1054 2629 utilitatum
1078 2580 1329 2646 perceptio,
1351 2580 1514 2646 quibus
1531 2595 1678 2627 recen—

262 2656 408 2704 sendis
417 2658 542 2723 prius
561 2671 733 2745 tempus
752 2678 881 2725 quam
895 2654 1038 2707 oratio
1049 2677 1130 2707 nos
1142 2657 1360 2706 defecerit.
1377 2657 1675 2721 Quamobrem

262 2733 364 2784 licet
386 2733 633 2782 fabularum
658 2732 838 2783 istarum
862 2734 1114 2783 velamentis
1139 2734 1352 2783 occultata
1377 2733 1560 2799 speciem
1586 2752 1674 2799 prae
