1794 3100
605 196 675 238 IN
708 196 950 240 OVI'DII
984 158 1146 240 lBIN.
1535 200 1590 241 55

162 287 701 354 Turnebum,Josephum
727 287 1012 350 Scafigerum,
1029 289 1244 338 Didacum
1270 290 1595 351 Covarruviam,

160 363 465 425 Abstemium,
491 365 773 429 Hartungum
788 402 800 421 ‚
839 365 1039 432 Lipsium
1055 403 1067 423 ‚
1092 366 1328 414 Schottum'
1356 367 1596 434 (Jupiter,

161 461 274 509 quos
298 442 473 508 viros)!
503 443 580 510 qui
612 442 679 492 vel
703 443 750 492 in
775 443 1033 493 adversariis
1055 455 1099 492 et
1122 442 1418 493 Miscellaneis
1451 445 1599 496 dedita

163 538 321 586 opera,
347 520 415 569 vel
435 521 484 569 in
502 520 599 571 aliis
618 521 848 589 opusculis
868 522 1014 571 obiter
1033 521 1249 589 quosdam
1266 523 1459 572 Nasonis
1477 522 1601 573 locos

162 609 475 655 excusserunt,
501 610 553 646 ut
577 617 675 648 vere
694 598 747 647 de
771 598 858 646 hoc
882 598 1107 665 poematio
1127 599 1213 647 dici
1231 599 1397 666 possit,
1424 598 1509 647 Cui
1521 619 1602 648 non

160 671 292 722 dictus
311 674 452 744 Hylas
464 678 492 722 ,Ρ
509 676 772 743 Suppudeat
794 688 939 725 autem
956 714 968 734 ‚
989 695 1053 724 me
1069 695 1224 743 quoque
1238 676 1492 742 principibus
1505 695 1601 742 per-

158 752 320 802 mistum
340 773 556 821 agnoscere
572 755 770 811 Achim's,
798 756 869 804 cui
893 756 930 804 si
953 767 1136 823 paterna
1157 775 1229 804 res
1254 755 1602 805 administranda

159 831 295 890 foret«,
320 834 460 882 aetatis
483 835 609 884 venia
632 855 722 884 non
754 835 945 885 daretur.
984 837 1043 884 Et
1074 854 1177 884 vero
1211 847 1318 902 post
1352 847 1422 883 tot
1457 835 1602 883 erudi-

163 910 300 960 tionis
331 924 535 978 spectatae
569 913 689 962 viros
725 914 771 962 in
803 913 999 963 eamdem
1033 913 1281 981 palaestram
1313 913 1602 972 descendere,

160 988 247 1036 hoc
267 997 416 1040 revera
438 1002 507 1040 est
527 1002 631 1057 post
655 991 871 1040 Roscium
891 993 939 1040 in
962 1011 1092 1041 scena
1113 991 1223 1041 velle
1249 1004 1420 1055 gestum
1448 1010 1601 1054 agere3

163 1067 240 1116 sed
253 1105 266 1128 ‚
290 1067 394 1136 quia
413 1069 529 1135 jacta
547 1081 613 1118 est
634 1068 727 1118 alea
743 1107 755 1125 ‚
779 1068 1057 1118 efficiendum
1078 1083 1166 1127 est,
1192 1090 1247 1119 ne
1270 1070 1380 1119 mihi
1397 1071 1496 1136 jure
1518 1089 1603 1118 no-

161 1164 266 1195 vum
278 1165 394 1213 opus
408 1147 668 1204 nuncietur‚
694 1158 771 1195 aut
793 1146 1031 1195 interdicto
1055 1148 1179 1215 quod
1194 1149 1262 1205 vi,
1281 1160 1358 1197 aut
1379 1148 1490 1197 clam
1506 1168 1603 1198 me-

163 1241 264 1273 cum
281 1223 354 1286 agi
370 1224 528 1290 possit.
549 1224 782 1272 Neminem
800 1224 929 1274 laude
943 1244 1023 1274 sua
1036 1225 1253 1274 fraudabo
1275 1245 1284 1273 ε
1303 1225 1468 1276 nobilis
1487 1226 1605 1275 enim

162 1299 273 1349 mihi
295 1319 470 1368 semper
492 1300 586 1351 visa
608 1314 676 1350 est
696 1301 767 1350 lex
789 1301 864 1350 illa
887 1301 1200 1359 Laurentium,
1237 1315 1300 1350 ΝΕ
1326 1315 1507 1352 POMUM
1544 1316 1605 1353 Ex

164 1391 356 1428 ALIENO.
377 1380 535 1446 Itaque
552 1379 804 1446 praecipuus
822 1379 896 1427 hic
915 1379 1049 1428 uobis
1067 1398 1231 1446 scopus
1246 1379 1307 1428 ob
1328 1379 1482 1428 oculos
1498 1381 1603 1440 erit,

162 1469 214 1508 ut
229 1477 327 1525 quae
340 1458 618 1518 obscuriora,
642 1478 722 1508 nec
741 1459 845 1508 dum
859 1458 1065 1526 cuiquam
1083 1459 1298 1526 explicata
1314 1472 1432 1517 sunt,
1455 1461 1606 1527 quoad

163 1537 257 1603 ejus
279 1536 374 1586 fieri
397 1537 586 1605 poterit,
611 1537 882 1588 illustratum
908 1556 1070 1586 eamus.
1096 1539 1374 1586 Excusorum
1396 1538 1527 1586 etiam
1549 1537 1604 1586 li-

162 1614 348 1663 brorum
371 1613 565 1663 maculas
589 1633 725 1663 manu
750 1615 1020 1682 scriptorum
1048 1627 1132 1680 ope
1147 1652 1158 1671 ,
1190 1625 1263 1661 aut
1290 1627 1406 1662 certe
1436 1615 1523 1681 ipsi
1548 1615 1603 1663 de

164 1693 345 1756 ingenio
369 1692 580 1743 eluamus.
610 1694 760 1742 Prima
790 1694 968 1760 quidem
998 1693 1190 1741 editione
1224 1693 1602 1743 Observationum

163 1781 414 1821 nostrarum
435 1771 684 1821 difficiliora
707 1771 906 1838 quaedam
926 1771 1022 1820 loca
1041 1771 1265 1820 saltuatim
1285 1771 1602 1835 selegeramus;

164 1849 375 1917 planiora,
391 1862 437 1900 et
453 1869 550 1917 quae
564 1850 621 1899 ab
636 1850 736 1899 aliis
752 1849 992 1909 enucleata,
1009 1850 1186 1899 silentio
1202 1850 1603 1901 transmiseramus:

166 1930 317 1987 Nunc,
340 1928 523 1978 hortatu
546 1929 743 1978 virorum
767 1928 855 1977 acri
875 1928 1043 1994 judicio
1061 1967 1072 1986 ‚
1100 1928 1352 1978 uberiorem
1378 1941 1423 1977 et
1444 1935 1605 1998 perpe'-¹

168 2019 293 2056 tuum
324 2008 700 2057 Commentarium
725 2008 880 2057 damus
897 2047 908 2065 ‚
939 2028 994 2057 ne
1020 2008 1106 2056 alio
1130 2008 1363 2075 quaerenda
1388 2009 1447 2057 sit
1471 2010 1605 2058 fabu-

166 2085 308 2134 larum
326 2087 475 2136 minus
497 2087 730 2136 obviarum
753 2088 988 2136 enarratio.
1026 2089 1297 2155 Quanquam
1330 2108 1386 2137 ne
1412 2090 1473 2137 sic
1503 2090 1606 2155 qui-

167 2166 266 2215 dem
284 2184 368 2214 nos
391 2168 544 2216 omnes
565 2167 748 2233 hujusce
770 2166 912 2215 libelli
932 2165 1124 2215 salebras
1142 2166 1455 2234 explanaturos
1474 2166 1606 2235 polli-

166 2263 341 2302 cemur,
364 2255 417 2292 ut
442 2243 586 2310 quivis
605 2245 814 2312 deinceps
828 2244 1052 2294 inoffenso
1072 2245 1183 2311 pede
1205 2265 1481 2312 quacumque
1498 2264 1604 2312 pro-

167 2322 393 2387 grediatur
419 2341 430 2370 τ
456 2322 503 2370 id
533 2322 650 2371 enim
671 2321 918 2390 pleniorem
937 2361 950 2380 ‚
988 2342 1118 2389 quam
1153 2335 1255 2371 aetas
1280 2335 1434 2372 nostra
1463 2323 1602 2381 serat,

165 2400 460 2450 eruditionem
483 2399 694 2467 postulat.
730 2400 904 2449 Deinde
926 2401 1065 2450 multa
1090 2414 1197 2449 suut
1222 2403 1267 2449 iu
1292 2421 1344 2450 eo
1360 2440 1371 2460 ,
1408 2421 1504 2469 quae
1528 2402 1610 2451 nisi

166 2476 327 2548 Sibylla
348 2478 510 2544 legerit,
537 2489 588 2526 ut
604 2477 668 2526 ait
684 2477 804 2544 apud
826 2478 1035 2527 Plautum
1054 2477 1304 2527 Pseudolus
1319 2517 1331 2536 ‚
1356 2479 1612 2546 irnterpretari

168 2553 294 2606 alium
309 2573 430 2621 posse
447 2573 538 2604 reor
552 2554 746 2603 neminem
765 2574 782 2610 ;
817 2554 1063 2620 cujusmodi
1088 2566 1194 2603 sunt¹
1215 2555 1326 2604 ista:

432 2654 505 2690 Aut
519 2653 615 2689 velut
625 2653 772 2700 Euryali
791 2654 851 2700 qui
867 2661 1045 2700 sceptrum
1064 2653 1155 2700 cepit
1175 2654 1216 2689 ab
1233 2653 1291 2689 illo
1305 2681 1315 2698 ,

480 2715 561 2752 Sint
579 2722 673 2752 artus
691 2714 798 2750 avidis
818 2715 989 2761 anguibus
1008 2728 1085 2750 esca
1103 2715 1164 2750 tui.
