<?xml version="1.0" encoding="UTF-8"?>
<!DOCTYPE html PUBLIC "-//W3C//DTD XHTML 1.0 Transitional//EN"
    "http://www.w3.org/TR/xhtml1/DTD/xhtml1-transitional.dtd">
<html xmlns="http://www.w3.org/1999/xhtml" xml:lang="en" lang="en">
 <head>
  <title>
</title>
<meta http-equiv="Content-Type" content="text/html;charset=utf-8" />
  <meta name='ocr-system' content='tesseract 3.04.00' />
  <meta name='ocr-capabilities' content='ocr_page ocr_carea ocr_par ocr_line ocrx_word'/>
</head>
<body>
  <div class='ocr_page' id='page_1' title='image "./quaeextantomniao08oviduoft_0031.png"; bbox 0 0 1794 3100; ppageno 0'>
   <div class='ocr_carea' id='block_1_1' title="bbox 740 244 1528 289">
    <p class='ocr_par' dir='ltr' id='par_1_1' title="bbox 740 244 1528 289">
     <span class='ocr_line' id='line_1_1' title="bbox 740 244 1528 289; baseline 0 -2"><span class='ocrx_word' id='word_1_1' title='bbox 740 244 908 289; x_wconf 87' lang='lat' dir='ltr'>IBIS.</span> <span class='ocrx_word' id='word_1_2' title='bbox 1478 260 1528 287; x_wconf 74' lang='lat'><strong>21</strong></span> 
     </span>
    </p>
   </div>
   <div class='ocr_carea' id='block_1_2' title="bbox 100 335 1386 406">
    <p class='ocr_par' dir='ltr' id='par_1_2' title="bbox 100 335 1386 406">
     <span class='ocr_line' id='line_1_2' title="bbox 100 335 1386 406; baseline 0 -19"><span class='ocrx_word' id='word_1_3' title='bbox 100 338 191 395; x_wconf 88' lang='lat' dir='ltr'><strong>Ac,</strong></span> <span class='ocrx_word' id='word_1_4' title='bbox 214 335 336 386; x_wconf 85' lang='lat' dir='ltr'><strong>velut</strong></span> <span class='ocrx_word' id='word_1_5' title='bbox 354 336 585 401; x_wconf 85' lang='lat' dir='ltr'><strong>Etracides</strong></span> <span class='ocrx_word' id='word_1_6' title='bbox 607 356 771 401; x_wconf 86' lang='lat' dir='ltr'><strong>magno</strong></span> <span class='ocrx_word' id='word_1_7' title='bbox 797 349 864 387; x_wconf 86' lang='lat' dir='ltr'><strong>ter</strong></span> <span class='ocrx_word' id='word_1_8' title='bbox 883 337 939 386; x_wconf 88' lang='lat' dir='ltr'><strong>ab</strong></span> <span class='ocrx_word' id='word_1_9' title='bbox 962 336 1155 387; x_wconf 87' lang='lat' dir='ltr'><strong>Hercule</strong></span> <span class='ocrx_word' id='word_1_10' title='bbox 1181 338 1386 406; x_wconf 82' lang='lat' dir='ltr'><strong>quintus,</strong></span> 
     </span>
    </p>
   </div>
   <div class='ocr_carea' id='block_1_3' title="bbox 1470 351 1537 398">
    <p class='ocr_par' dir='ltr' id='par_1_3' title="bbox 1470 351 1537 398">
     <span class='ocr_line' id='line_1_3' title="bbox 1470 351 1537 398; baseline 0.015 -14"><span class='ocrx_word' id='word_1_11' title='bbox 1470 351 1537 398; x_wconf 82' lang='lat'><strong>295</strong></span> 
     </span>
    </p>
   </div>
   <div class='ocr_carea' id='block_1_4' title="bbox 101 415 1166 639">
    <p class='ocr_par' dir='ltr' id='par_1_4' title="bbox 101 415 1166 639">
     <span class='ocr_line' id='line_1_4' title="bbox 167 415 1141 484; baseline 0.001 -20"><span class='ocrx_word' id='word_1_12' title='bbox 167 415 320 465; x_wconf 69' lang='lat' dir='ltr'><strong>Caesus</strong></span> <span class='ocrx_word' id='word_1_13' title='bbox 341 415 390 464; x_wconf 92' lang='lat' dir='ltr'><strong>in</strong></span> <span class='ocrx_word' id='word_1_14' title='bbox 413 416 676 466; x_wconf 90' lang='lat' dir='ltr'><strong>immensum</strong></span> <span class='ocrx_word' id='word_1_15' title='bbox 698 417 929 484; x_wconf 81' lang='lat' dir='ltr'><strong>projiciare</strong></span> <span class='ocrx_word' id='word_1_16' title='bbox 951 415 1113 465; x_wconf 75' lang='lat' dir='ltr'><strong>fretum</strong></span> <span class='ocrx_word' id='word_1_17' title='bbox 1131 438 1141 465; x_wconf 93' lang='lat'>:</span> 
     </span>
     <span class='ocr_line' id='line_1_5' title="bbox 101 491 1166 561; baseline 0.002 -20"><span class='ocrx_word' id='word_1_18' title='bbox 101 491 222 550; x_wconf 85' lang='lat' dir='ltr'><strong>Aut,</strong></span> <span class='ocrx_word' id='word_1_19' title='bbox 245 503 299 541; x_wconf 87' lang='lat' dir='ltr'><strong>ut</strong></span> <span class='ocrx_word' id='word_1_20' title='bbox 322 493 638 560; x_wconf 84' lang='lat' dir='ltr'><strong>Amyntiaden,</strong></span> <span class='ocrx_word' id='word_1_21' title='bbox 663 494 785 561; x_wconf 83' lang='lat' dir='ltr'>turpi</span> <span class='ocrx_word' id='word_1_22' title='bbox 807 494 993 543; x_wconf 88' lang='lat' dir='ltr'><strong>dilectus</strong></span> <span class='ocrx_word' id='word_1_23' title='bbox 1017 513 1166 544; x_wconf 85' lang='lat' dir='ltr'><strong>amore</strong></span> 
     </span>
     <span class='ocr_line' id='line_1_6' title="bbox 170 568 1063 639; baseline 0.003 -21"><span class='ocrx_word' id='word_1_24' title='bbox 170 568 354 628; x_wconf 87' lang='lat' dir='ltr'>Oderit,</span> <span class='ocrx_word' id='word_1_25' title='bbox 378 582 421 620; x_wconf 90' lang='lat' dir='ltr'><strong>et</strong></span> <span class='ocrx_word' id='word_1_26' title='bbox 443 590 555 620; x_wconf 86' lang='lat' dir='ltr'><strong>saevo</strong></span> <span class='ocrx_word' id='word_1_27' title='bbox 581 571 778 620; x_wconf 82' lang='lat' dir='ltr'><strong>vulneret</strong></span> <span class='ocrx_word' id='word_1_28' title='bbox 799 591 900 622; x_wconf 88' lang='lat' dir='ltr'><strong>ense</strong></span> <span class='ocrx_word' id='word_1_29' title='bbox 923 591 1034 639; x_wconf 91' lang='lat' dir='ltr'><strong>puer</strong></span> <span class='ocrx_word' id='word_1_30' title='bbox 1053 593 1063 621; x_wconf 74' lang='grc' dir='ltr'><em>ι</em></span> 
     </span>
    </p>
   </div>
   <div class='ocr_carea' id='block_1_5' title="bbox 105 650 1187 719">
    <p class='ocr_par' dir='ltr' id='par_1_5' title="bbox 105 650 1187 719">
     <span class='ocr_line' id='line_1_7' title="bbox 105 650 1187 719; baseline -0.001 -19"><span class='ocrx_word' id='word_1_31' title='bbox 105 650 199 700; x_wconf 89' lang='lat' dir='ltr'><strong>Nec</strong></span> <span class='ocrx_word' id='word_1_32' title='bbox 222 651 307 700; x_wconf 83' lang='lat' dir='ltr'><strong>tibi</strong></span> <span class='ocrx_word' id='word_1_33' title='bbox 327 651 415 700; x_wconf 88' lang='lat' dir='ltr'><strong>fida</strong></span> <span class='ocrx_word' id='word_1_34' title='bbox 439 653 579 715; x_wconf 85' lang='lat' dir='ltr'><strong>magis</strong></span> <span class='ocrx_word' id='word_1_35' title='bbox 599 652 771 701; x_wconf 80' lang='lat' dir='ltr'>misceri</span> <span class='ocrx_word' id='word_1_36' title='bbox 794 651 955 719; x_wconf 90' lang='lat' dir='ltr'><strong>pocula</strong></span> <span class='ocrx_word' id='word_1_37' title='bbox 978 651 1156 718; x_wconf 83' lang='lat' dir='ltr'>possint</span> <span class='ocrx_word' id='word_1_38' title='bbox 1174 689 1187 710; x_wconf 90' lang='lat'>‚</span> 
     </span>
    </p>
   </div>
   <div class='ocr_carea' id='block_1_6' title="bbox 172 730 1175 797">
    <p class='ocr_par' dir='ltr' id='par_1_6' title="bbox 172 730 1175 797">
     <span class='ocr_line' id='line_1_8' title="bbox 172 730 1175 797; baseline -0.001 -19"><span class='ocrx_word' id='word_1_39' title='bbox 172 730 321 794; x_wconf 82' lang='lat' dir='ltr'><strong>Quam</strong></span> <span class='ocrx_word' id='word_1_40' title='bbox 346 730 424 797; x_wconf 91' lang='lat' dir='ltr'><strong>qui</strong></span> <span class='ocrx_word' id='word_1_41' title='bbox 449 730 681 794; x_wconf 84' lang='lat' dir='ltr'><strong>cornigero</strong></span> <span class='ocrx_word' id='word_1_42' title='bbox 706 730 759 778; x_wconf 91' lang='lat' dir='ltr'><strong>de</strong></span> <span class='ocrx_word' id='word_1_43' title='bbox 781 731 894 779; x_wconf 89' lang='lat' dir='ltr'><strong>Jove</strong></span> <span class='ocrx_word' id='word_1_44' title='bbox 916 741 1049 778; x_wconf 84' lang='lat' dir='ltr'><strong>natus</strong></span> <span class='ocrx_word' id='word_1_45' title='bbox 1073 741 1175 778; x_wconf 88' lang='lat' dir='ltr'><strong>erat.</strong></span> 
     </span>
    </p>
   </div>
   <div class='ocr_carea' id='block_1_7' title="bbox 1476 742 1542 776">
    <p class='ocr_par' dir='ltr' id='par_1_7' title="bbox 1476 742 1542 776">
     <span class='ocr_line' id='line_1_9' title="bbox 1476 742 1542 776; baseline -0.03 0"><span class='ocrx_word' id='word_1_46' title='bbox 1476 742 1542 776; x_wconf 84' lang='lat'><strong>300</strong></span> 
     </span>
    </p>
   </div>
   <div class='ocr_carea' id='block_1_8' title="bbox 106 806 1175 877">
    <p class='ocr_par' dir='ltr' id='par_1_8' title="bbox 106 806 1175 877">
     <span class='ocr_line' id='line_1_10' title="bbox 106 806 1175 877; baseline -0.001 -21"><span class='ocrx_word' id='word_1_47' title='bbox 106 807 238 857; x_wconf 86' lang='lat' dir='ltr'><strong>More</strong></span> <span class='ocrx_word' id='word_1_48' title='bbox 258 807 327 857; x_wconf 86' lang='lat' dir='ltr'><strong>vel</strong></span> <span class='ocrx_word' id='word_1_49' title='bbox 352 808 541 858; x_wconf 82' lang='lat' dir='ltr'><strong>intereas</strong></span> <span class='ocrx_word' id='word_1_50' title='bbox 565 809 684 877; x_wconf 84' lang='lat' dir='ltr'><strong>capti</strong></span> <span class='ocrx_word' id='word_1_51' title='bbox 706 827 949 877; x_wconf 90' lang='lat' dir='ltr'><strong>suspensus</strong></span> <span class='ocrx_word' id='word_1_52' title='bbox 968 807 1146 867; x_wconf 76' lang='lat' dir='ltr'><strong>Achaei,</strong></span> <span class='ocrx_word' id='word_1_53' title='bbox 1165 806 1175 809; x_wconf 26' lang='lat'><em>³</em></span> 
     </span>
    </p>
   </div>
   <div class='ocr_carea' id='block_1_9' title="bbox 107 886 1179 1111">
    <p class='ocr_par' dir='ltr' id='par_1_9' title="bbox 107 886 1179 1111">
     <span class='ocr_line' id='line_1_11' title="bbox 173 886 1179 956; baseline 0.001 -22"><span class='ocrx_word' id='word_1_54' title='bbox 173 886 268 950; x_wconf 83' lang='lat' dir='ltr'><strong>Qui</strong></span> <span class='ocrx_word' id='word_1_55' title='bbox 291 887 428 936; x_wconf 90' lang='lat' dir='ltr'><strong>miser</strong></span> <span class='ocrx_word' id='word_1_56' title='bbox 451 887 638 937; x_wconf 81' lang='lat' dir='ltr'><strong>aurifera</strong></span> <span class='ocrx_word' id='word_1_57' title='bbox 662 899 771 937; x_wconf 85' lang='lat' dir='ltr'><strong>teste</strong></span> <span class='ocrx_word' id='word_1_58' title='bbox 798 888 1010 956; x_wconf 85' lang='lat' dir='ltr'><strong>pependit</strong></span> <span class='ocrx_word' id='word_1_59' title='bbox 1033 907 1148 954; x_wconf 86' lang='lat' dir='ltr'><strong>aqua</strong></span> <span class='ocrx_word' id='word_1_60' title='bbox 1169 907 1179 935; x_wconf 75' lang='grc' dir='ltr'><strong><em>ε</em></strong></span> 
     </span>
     <span class='ocr_line' id='line_1_12' title="bbox 107 964 1142 1031; baseline 0.003 -19"><span class='ocrx_word' id='word_1_61' title='bbox 107 964 203 1013; x_wconf 87' lang='lat' dir='ltr'><strong>Aut</strong></span> <span class='ocrx_word' id='word_1_62' title='bbox 224 976 277 1013; x_wconf 90' lang='lat' dir='ltr'><strong>ut</strong></span> <span class='ocrx_word' id='word_1_63' title='bbox 298 965 531 1015; x_wconf 83' lang='lat' dir='ltr'><strong>Achillidae</strong></span> <span class='ocrx_word' id='word_1_64' title='bbox 554 978 742 1031; x_wconf 85' lang='lat' dir='ltr'><strong>cognato</strong></span> <span class='ocrx_word' id='word_1_65' title='bbox 767 967 948 1016; x_wconf 89' lang='lat' dir='ltr'><strong>nomine</strong></span> <span class='ocrx_word' id='word_1_66' title='bbox 975 965 1142 1015; x_wconf 87' lang='lat' dir='ltr'><strong>clarum</strong></span> 
     </span>
     <span class='ocr_line' id='line_1_13' title="bbox 176 1044 1070 1111; baseline 0.002 -19"><span class='ocrx_word' id='word_1_67' title='bbox 176 1044 418 1110; x_wconf 85' lang='lat' dir='ltr'>Opprimat</span> <span class='ocrx_word' id='word_1_68' title='bbox 437 1044 591 1094; x_wconf 90' lang='lat' dir='ltr'><strong>hostili</strong></span> <span class='ocrx_word' id='word_1_69' title='bbox 614 1045 759 1108; x_wconf 81' lang='lat' dir='ltr'><strong>tegula</strong></span> <span class='ocrx_word' id='word_1_70' title='bbox 776 1045 891 1111; x_wconf 86' lang='lat' dir='ltr'><strong>jacta</strong></span> <span class='ocrx_word' id='word_1_71' title='bbox 913 1064 1070 1094; x_wconf 88' lang='lat' dir='ltr'><strong>manu:</strong></span> 
     </span>
    </p>
   </div>
   <div class='ocr_carea' id='block_1_10' title="bbox 38 1121 1253 1190">
    <p class='ocr_par' dir='ltr' id='par_1_10' title="bbox 38 1121 1253 1190">
     <span class='ocr_line' id='line_1_14' title="bbox 38 1121 1253 1190; baseline 0.002 -21"><span class='ocrx_word' id='word_1_72' title='bbox 38 1188 40 1190; x_wconf 13' lang='grc' dir='ltr'><strong><em>ι</em></strong></span> <span class='ocrx_word' id='word_1_73' title='bbox 110 1121 204 1169; x_wconf 85' lang='lat' dir='ltr'><strong>Nec</strong></span> <span class='ocrx_word' id='word_1_74' title='bbox 225 1133 300 1170; x_wconf 87' lang='lat' dir='ltr'><strong>tua</strong></span> <span class='ocrx_word' id='word_1_75' title='bbox 323 1137 455 1189; x_wconf 87' lang='lat' dir='ltr'><strong>quam</strong></span> <span class='ocrx_word' id='word_1_76' title='bbox 476 1122 662 1190; x_wconf 80' lang='lat' dir='ltr'>Pyrrhi,</span> <span class='ocrx_word' id='word_1_77' title='bbox 682 1122 853 1173; x_wconf 84' lang='lat' dir='ltr'><strong>felicius</strong></span> <span class='ocrx_word' id='word_1_78' title='bbox 877 1142 977 1172; x_wconf 91' lang='lat' dir='ltr'><strong>ossa</strong></span> <span class='ocrx_word' id='word_1_79' title='bbox 1002 1123 1253 1190; x_wconf 88' lang='lat' dir='ltr'><strong>quiescant,</strong></span> 
     </span>
    </p>
   </div>
   <div class='ocr_carea' id='block_1_11' title="bbox 113 1248 816 2828">
    <p class='ocr_par' dir='ltr' id='par_1_11' title="bbox 113 1248 798 1338">
     <span class='ocr_line' id='line_1_15' title="bbox 113 1248 798 1299; baseline 0.004 -15"><span class='ocrx_word' id='word_1_80' title='bbox 113 1248 209 1284; x_wconf 82' lang='lat' dir='ltr'><strong>Deos</strong></span> <span class='ocrx_word' id='word_1_81' title='bbox 223 1249 401 1296; x_wconf 81' lang='lat' dir='ltr'><strong>deceperit</strong></span> <span class='ocrx_word' id='word_1_82' title='bbox 412 1276 422 1294; x_wconf 84' lang='lat'>‚</span> <span class='ocrx_word' id='word_1_83' title='bbox 434 1257 470 1286; x_wconf 88' lang='lat' dir='ltr'><strong>et</strong></span> <span class='ocrx_word' id='word_1_84' title='bbox 481 1250 602 1298; x_wconf 87' lang='lat' dir='ltr'><strong>ignem</strong></span> <span class='ocrx_word' id='word_1_85' title='bbox 614 1251 798 1299; x_wconf 84' lang='lat' dir='ltr'><strong>subripue-</strong></span> 
     </span>
     <span class='ocr_line' id='line_1_16' title="bbox 113 1301 329 1338; baseline -0.005 -1"><span class='ocrx_word' id='word_1_86' title='bbox 113 1301 161 1337; x_wconf 85' lang='lat' dir='ltr'><strong>rit</strong></span> <span class='ocrx_word' id='word_1_87' title='bbox 177 1301 220 1337; x_wconf 85' lang='lat' dir='ltr'><strong>de</strong></span> <span class='ocrx_word' id='word_1_88' title='bbox 234 1303 329 1338; x_wconf 73' lang='lat' dir='ltr'><strong>caelo.</strong></span> 
     </span>
    </p>

    <p class='ocr_par' dir='ltr' id='par_1_12' title="bbox 115 1355 804 1976">
     <span class='ocr_line' id='line_1_17' title="bbox 149 1355 797 1403; baseline 0.005 -14"><span class='ocrx_word' id='word_1_89' title='bbox 149 1357 224 1403; x_wconf 80' lang='lat'><strong>295.</strong></span> <span class='ocrx_word' id='word_1_90' title='bbox 231 1355 308 1390; x_wconf 82' lang='lat' dir='ltr'><strong>Aut</strong></span> <span class='ocrx_word' id='word_1_91' title='bbox 313 1356 596 1392; x_wconf 79' lang='lat' dir='ltr'><strong>velutEtracides.</strong></span> <span class='ocrx_word' id='word_1_92' title='bbox 601 1356 797 1400; x_wconf 87' lang='lat' dir='ltr'><strong>Etracides,</strong></span> 
     </span>
     <span class='ocr_line' id='line_1_18' title="bbox 116 1407 797 1455; baseline 0.004 -13"><span class='ocrx_word' id='word_1_93' title='bbox 116 1420 227 1454; x_wconf 84' lang='lat' dir='ltr'><strong>quum</strong></span> <span class='ocrx_word' id='word_1_94' title='bbox 235 1407 382 1444; x_wconf 89' lang='lat' dir='ltr'><strong>Clebam</strong></span> <span class='ocrx_word' id='word_1_95' title='bbox 391 1421 557 1455; x_wconf 86' lang='lat' dir='ltr'><strong>puerum,</strong></span> <span class='ocrx_word' id='word_1_96' title='bbox 568 1409 658 1446; x_wconf 87' lang='lat' dir='ltr'><strong>Dori</strong></span> <span class='ocrx_word' id='word_1_97' title='bbox 670 1410 797 1454; x_wconf 89' lang='lat' dir='ltr'><strong>filium,</strong></span> 
     </span>
     <span class='ocr_line' id='line_1_19' title="bbox 115 1459 800 1508; baseline 0.003 -12"><span class='ocrx_word' id='word_1_98' title='bbox 115 1460 154 1496; x_wconf 84' lang='lat' dir='ltr'><strong>in</strong></span> <span class='ocrx_word' id='word_1_99' title='bbox 178 1459 308 1497; x_wconf 84' lang='lat' dir='ltr'><strong>deliciis</strong></span> <span class='ocrx_word' id='word_1_100' title='bbox 326 1460 491 1506; x_wconf 86' lang='lat' dir='ltr'><strong>baberet,</strong></span> <span class='ocrx_word' id='word_1_101' title='bbox 512 1462 613 1508; x_wconf 89' lang='lat' dir='ltr'><strong>eique</strong></span> <span class='ocrx_word' id='word_1_102' title='bbox 628 1463 800 1498; x_wconf 78' lang='lat' dir='ltr'><strong>tribueret</strong></span> 
     </span>
     <span class='ocr_line' id='line_1_20' title="bbox 116 1513 801 1562; baseline 0.003 -14"><span class='ocrx_word' id='word_1_103' title='bbox 116 1513 237 1549; x_wconf 87' lang='lat' dir='ltr'><strong>omnia</strong></span> <span class='ocrx_word' id='word_1_104' title='bbox 249 1540 259 1558; x_wconf 93' lang='lat'>,</span> <span class='ocrx_word' id='word_1_105' title='bbox 271 1513 314 1549; x_wconf 85' lang='lat' dir='ltr'><strong>ab</strong></span> <span class='ocrx_word' id='word_1_106' title='bbox 327 1526 371 1549; x_wconf 90' lang='lat' dir='ltr'><strong>eo</strong></span> <span class='ocrx_word' id='word_1_107' title='bbox 383 1514 513 1550; x_wconf 89' lang='lat' dir='ltr'><strong>occisus</strong></span> <span class='ocrx_word' id='word_1_108' title='bbox 525 1522 587 1551; x_wconf 87' lang='lat' dir='ltr'><strong>est.</strong></span> <span class='ocrx_word' id='word_1_109' title='bbox 604 1515 696 1551; x_wconf 91' lang='lat' dir='ltr'><strong>Nam</strong></span> <span class='ocrx_word' id='word_1_110' title='bbox 712 1529 801 1562; x_wconf 89' lang='lat' dir='ltr'><strong>puer</strong></span> 
     </span>
     <span class='ocr_line' id='line_1_21' title="bbox 115 1565 801 1613; baseline 0.003 -11"><span class='ocrx_word' id='word_1_111' title='bbox 115 1567 152 1602; x_wconf 87' lang='lat' dir='ltr'><strong>in</strong></span> <span class='ocrx_word' id='word_1_112' title='bbox 164 1565 355 1603; x_wconf 84' lang='lat' dir='ltr'><strong>militarem</strong></span> <span class='ocrx_word' id='word_1_113' title='bbox 364 1567 529 1604; x_wconf 89' lang='lat' dir='ltr'><strong>ardorem</strong></span> <span class='ocrx_word' id='word_1_114' title='bbox 540 1568 706 1604; x_wconf 85' lang='lat' dir='ltr'><strong>excitatus</strong></span> <span class='ocrx_word' id='word_1_115' title='bbox 716 1595 726 1613; x_wconf 88' lang='lat'>‚</span> <span class='ocrx_word' id='word_1_116' title='bbox 739 1582 801 1604; x_wconf 88' lang='lat' dir='ltr'><strong>ne·</strong></span> 
     </span>
     <span class='ocr_line' id='line_1_22' title="bbox 116 1619 800 1667; baseline 0.004 -12"><span class='ocrx_word' id='word_1_117' title='bbox 116 1627 195 1656; x_wconf 87' lang='lat' dir='ltr'><strong>cato</strong></span> <span class='ocrx_word' id='word_1_118' title='bbox 210 1619 378 1666; x_wconf 81' lang='lat' dir='ltr'><strong>domino,</strong></span> <span class='ocrx_word' id='word_1_119' title='bbox 395 1622 586 1658; x_wconf 85' lang='lat' dir='ltr'><strong>exercitum</strong></span> <span class='ocrx_word' id='word_1_120' title='bbox 605 1623 800 1667; x_wconf 82' lang='lat' dir='ltr'><strong>contraxit,</strong></span> 
     </span>
     <span class='ocr_line' id='line_1_23' title="bbox 117 1673 802 1722; baseline 0.004 -14"><span class='ocrx_word' id='word_1_121' title='bbox 117 1673 258 1720; x_wconf 85' lang='lat' dir='ltr'><strong>lateque</strong></span> <span class='ocrx_word' id='word_1_122' title='bbox 281 1682 444 1722; x_wconf 82' lang='lat' dir='ltr'><strong>evagatus</strong></span> <span class='ocrx_word' id='word_1_123' title='bbox 467 1674 626 1711; x_wconf 76' lang='lat' dir='ltr'><strong>condidit</strong></span> <span class='ocrx_word' id='word_1_124' title='bbox 645 1674 802 1711; x_wconf 89' lang='lat' dir='ltr'><strong>Cumam</strong></span> 
     </span>
     <span class='ocr_line' id='line_1_24' title="bbox 117 1726 804 1776; baseline 0.004 -14"><span class='ocrx_word' id='word_1_125' title='bbox 117 1726 409 1776; x_wconf 82' lang='lat' dir='ltr'><strong>Phryconitiden.</strong></span> <span class='ocrx_word' id='word_1_126' title='bbox 415 1728 508 1764; x_wconf 77' lang='lat' dir='ltr'><strong>Dom</strong></span> <span class='ocrx_word' id='word_1_127' title='bbox 514 1731 693 1775; x_wconf 74' lang='lat' dir='ltr'><strong>.-Magno</strong></span> <span class='ocrx_word' id='word_1_128' title='bbox 702 1737 752 1765; x_wconf 85' lang='lat' dir='ltr'><strong>ter</strong></span> <span class='ocrx_word' id='word_1_129' title='bbox 759 1732 804 1764; x_wconf 82' lang='lat' dir='ltr'><strong>ab</strong></span> 
     </span>
     <span class='ocr_line' id='line_1_25' title="bbox 118 1781 804 1829; baseline 0.004 -14"><span class='ocrx_word' id='word_1_130' title='bbox 118 1781 267 1816; x_wconf 80' lang='lat' dir='ltr'><strong>Hercule</strong></span> <span class='ocrx_word' id='word_1_131' title='bbox 282 1785 426 1827; x_wconf 78' lang='lat' dir='ltr'><strong>quintus.</strong></span> <span class='ocrx_word' id='word_1_132' title='bbox 446 1782 523 1828; x_wconf 85' lang='lat' dir='ltr'><strong>Qui</strong></span> <span class='ocrx_word' id='word_1_133' title='bbox 539 1783 684 1829; x_wconf 85' lang='lat' dir='ltr'><strong>quintus</strong></span> <span class='ocrx_word' id='word_1_134' title='bbox 703 1783 804 1818; x_wconf 89' lang='lat' dir='ltr'><strong>Her-</strong></span> 
     </span>
     <span class='ocr_line' id='line_1_26' title="bbox 118 1831 803 1882; baseline 0.003 -14"><span class='ocrx_word' id='word_1_135' title='bbox 118 1831 212 1869; x_wconf 88' lang='lat' dir='ltr'><strong>cules</strong></span> <span class='ocrx_word' id='word_1_136' title='bbox 229 1841 370 1875; x_wconf 72' lang='lat' dir='ltr'><strong>vocatus</strong></span> <span class='ocrx_word' id='word_1_137' title='bbox 384 1841 437 1870; x_wconf 88' lang='lat' dir='ltr'><strong>est</strong></span> <span class='ocrx_word' id='word_1_138' title='bbox 449 1861 458 1879; x_wconf 91' lang='lat'>,</span> <span class='ocrx_word' id='word_1_139' title='bbox 477 1842 553 1881; x_wconf 84' lang='lat' dir='ltr'><strong>post</strong></span> <span class='ocrx_word' id='word_1_140' title='bbox 566 1842 621 1871; x_wconf 84' lang='lat' dir='ltr'><strong>ter</strong></span> <span class='ocrx_word' id='word_1_141' title='bbox 632 1848 803 1882; x_wconf 86' lang='lat' dir='ltr'><strong>magnum</strong></span> 
     </span>
     <span class='ocr_line' id='line_1_27' title="bbox 118 1884 804 1935; baseline 0.004 -15"><span class='ocrx_word' id='word_1_142' title='bbox 118 1884 219 1920; x_wconf 87' lang='lat' dir='ltr'><strong>illum</strong></span> <span class='ocrx_word' id='word_1_143' title='bbox 248 1885 443 1922; x_wconf 86' lang='lat' dir='ltr'><strong>Herculem</strong></span> <span class='ocrx_word' id='word_1_144' title='bbox 465 1914 475 1933; x_wconf 90' lang='lat'>,</span> <span class='ocrx_word' id='word_1_145' title='bbox 515 1888 616 1934; x_wconf 80' lang='lat' dir='ltr'><strong>cujus</strong></span> <span class='ocrx_word' id='word_1_146' title='bbox 645 1888 751 1935; x_wconf 86' lang='lat' dir='ltr'><strong>ingen</strong></span> <span class='ocrx_word' id='word_1_147' title='bbox 757 1888 804 1924; x_wconf 87' lang='lat' dir='ltr'><strong>tia</strong></span> 
     </span>
     <span class='ocr_line' id='line_1_28' title="bbox 120 1935 657 1976; baseline 0.007 -6"><span class='ocrx_word' id='word_1_148' title='bbox 120 1935 208 1972; x_wconf 80' lang='lat' dir='ltr'><strong>sacta</strong></span> <span class='ocrx_word' id='word_1_149' title='bbox 223 1936 383 1974; x_wconf 83' lang='lat' dir='ltr'><strong>Theseus</strong></span> <span class='ocrx_word' id='word_1_150' title='bbox 398 1946 450 1975; x_wconf 89' lang='lat' dir='ltr'><strong>est</strong></span> <span class='ocrx_word' id='word_1_151' title='bbox 465 1940 657 1976; x_wconf 77' lang='lat' dir='ltr'><strong>aemulatus.</strong></span> 
     </span>
    </p>

    <p class='ocr_par' dir='ltr' id='par_1_13' title="bbox 125 1991 815 2766">
     <span class='ocr_line' id='line_1_29' title="bbox 168 1991 812 2040; baseline 0.005 -15"><span class='ocrx_word' id='word_1_152' title='bbox 168 2001 244 2038; x_wconf 74' lang='lat'><strong>²97.</strong></span> <span class='ocrx_word' id='word_1_153' title='bbox 262 1991 352 2033; x_wconf 79' lang='lat' dir='ltr'><strong>Aut,</strong></span> <span class='ocrx_word' id='word_1_154' title='bbox 384 1998 423 2027; x_wconf 79' lang='lat' dir='ltr'><strong>u!</strong></span> <span class='ocrx_word' id='word_1_155' title='bbox 439 1994 697 2040; x_wconf 81' lang='lat' dir='ltr'><strong>Amyntiadem‚</strong></span> <span class='ocrx_word' id='word_1_156' title='bbox 717 1997 812 2039; x_wconf 80' lang='lat' dir='ltr'><strong>turpi</strong></span> 
     </span>
     <span class='ocr_line' id='line_1_30' title="bbox 125 2042 806 2086; baseline 0.01 -12"><span class='ocrx_word' id='word_1_157' title='bbox 125 2042 269 2076; x_wconf 71' lang='lat' dir='ltr'><strong>dilectus</strong></span> <span class='ocrx_word' id='word_1_158' title='bbox 283 2055 396 2080; x_wconf 84' lang='lat' dir='ltr'><strong>amore</strong></span> <span class='ocrx_word' id='word_1_159' title='bbox 413 2045 548 2086; x_wconf 82' lang='lat' dir='ltr'><strong>Oderit,</strong></span> <span class='ocrx_word' id='word_1_160' title='bbox 578 2051 613 2081; x_wconf 76' lang='lat' dir='ltr'><strong>et</strong></span> <span class='ocrx_word' id='word_1_161' title='bbox 626 2058 713 2081; x_wconf 58' lang='grc' dir='ltr'><em>,τινα</em></span> <span class='ocrx_word' id='word_1_162' title='bbox 726 2049 806 2081; x_wconf 85' lang='lat' dir='ltr'><strong>vul-</strong></span> 
     </span>
     <span class='ocr_line' id='line_1_31' title="bbox 127 2096 805 2147; baseline 0.012 -21"><span class='ocrx_word' id='word_1_163' title='bbox 127 2099 222 2127; x_wconf 79' lang='lat' dir='ltr'><strong>nere!</strong></span> <span class='ocrx_word' id='word_1_164' title='bbox 233 2105 312 2129; x_wconf 79' lang='lat' dir='ltr'><strong>ense</strong></span> <span class='ocrx_word' id='word_1_165' title='bbox 319 2108 412 2140; x_wconf 80' lang='lat' dir='ltr'><strong>puer.</strong></span> <span class='ocrx_word' id='word_1_166' title='bbox 433 2096 614 2144; x_wconf 88' lang='lat' dir='ltr'><strong>Philippus</strong></span> <span class='ocrx_word' id='word_1_167' title='bbox 628 2125 638 2142; x_wconf 91' lang='lat'>,</span> <span class='ocrx_word' id='word_1_168' title='bbox 663 2098 805 2147; x_wconf 84' lang='lat' dir='ltr'><strong>Amyn-</strong></span> 
     </span>
     <span class='ocr_line' id='line_1_32' title="bbox 127 2147 808 2196; baseline 0.009 -14"><span class='ocrx_word' id='word_1_169' title='bbox 127 2154 172 2183; x_wconf 78' lang='lat' dir='ltr'><strong>tae</strong></span> <span class='ocrx_word' id='word_1_170' title='bbox 181 2147 527 2192; x_wconf 73' lang='lat' dir='ltr'><strong>fitiusMacedonum</strong></span> <span class='ocrx_word' id='word_1_171' title='bbox 533 2165 607 2196; x_wconf 88' lang='lat' dir='ltr'><strong>rex,</strong></span> <span class='ocrx_word' id='word_1_172' title='bbox 615 2152 657 2187; x_wconf 90' lang='lat' dir='ltr'><strong>ab</strong></span> <span class='ocrx_word' id='word_1_173' title='bbox 665 2153 808 2188; x_wconf 89' lang='lat' dir='ltr'><strong>oraculo</strong></span> 
     </span>
     <span class='ocr_line' id='line_1_33' title="bbox 127 2203 808 2250; baseline 0.007 -14"><span class='ocrx_word' id='word_1_174' title='bbox 127 2208 308 2246; x_wconf 80' lang='lat' dir='ltr'><strong>acceperat</strong></span> <span class='ocrx_word' id='word_1_175' title='bbox 326 2228 335 2246; x_wconf 92' lang='lat'><em>,</em></span> <span class='ocrx_word' id='word_1_176' title='bbox 363 2209 404 2236; x_wconf 91' lang='lat' dir='ltr'><strong>ut</strong></span> <span class='ocrx_word' id='word_1_177' title='bbox 426 2203 608 2250; x_wconf 79' lang='lat' dir='ltr'><strong>quadrigas</strong></span> <span class='ocrx_word' id='word_1_178' title='bbox 635 2205 783 2241; x_wconf 86' lang='lat' dir='ltr'><strong>evitaret</strong></span> <span class='ocrx_word' id='word_1_179' title='bbox 799 2219 808 2241; x_wconf 89' lang='lat'>:</span> 
     </span>
     <span class='ocr_line' id='line_1_34' title="bbox 126 2254 810 2295; baseline 0.007 -7"><span class='ocrx_word' id='word_1_180' title='bbox 126 2266 210 2288; x_wconf 91' lang='lat' dir='ltr'><strong>nam</strong></span> <span class='ocrx_word' id='word_1_181' title='bbox 223 2261 301 2289; x_wconf 86' lang='lat' dir='ltr'><strong>erat</strong></span> <span class='ocrx_word' id='word_1_182' title='bbox 316 2254 358 2289; x_wconf 91' lang='lat' dir='ltr'><strong>ab</strong></span> <span class='ocrx_word' id='word_1_183' title='bbox 373 2254 474 2289; x_wconf 81' lang='lat' dir='ltr'><strong>eisin</strong></span> <span class='ocrx_word' id='word_1_184' title='bbox 488 2254 565 2290; x_wconf 79' lang='lat' dir='ltr'><strong>fatis</strong></span> <span class='ocrx_word' id='word_1_185' title='bbox 578 2263 618 2291; x_wconf 89' lang='lat' dir='ltr'><strong>ut</strong></span> <span class='ocrx_word' id='word_1_186' title='bbox 633 2257 810 2295; x_wconf 80' lang='lat' dir='ltr'><strong>occidere-</strong></span> 
     </span>
     <span class='ocr_line' id='line_1_35' title="bbox 127 2307 810 2353; baseline 0.003 -10"><span class='ocrx_word' id='word_1_187' title='bbox 127 2314 195 2343; x_wconf 88' lang='lat' dir='ltr'><strong>tur.</strong></span> <span class='ocrx_word' id='word_1_188' title='bbox 207 2307 289 2343; x_wconf 88' lang='lat' dir='ltr'><strong>Non</strong></span> <span class='ocrx_word' id='word_1_189' title='bbox 302 2313 423 2342; x_wconf 86' lang='lat' dir='ltr'><strong>tamen</strong></span> <span class='ocrx_word' id='word_1_190' title='bbox 437 2307 500 2342; x_wconf 82' lang='lat' dir='ltr'><strong>fati</strong></span> <span class='ocrx_word' id='word_1_191' title='bbox 513 2307 707 2353; x_wconf 87' lang='lat' dir='ltr'><strong>periculum</strong></span> <span class='ocrx_word' id='word_1_192' title='bbox 718 2310 810 2345; x_wconf 81' lang='lat' dir='ltr'><strong>essu-</strong></span> 
     </span>
     <span class='ocr_line' id='line_1_36' title="bbox 125 2359 812 2407; baseline 0.004 -12"><span class='ocrx_word' id='word_1_193' title='bbox 125 2373 207 2407; x_wconf 81' lang='lat' dir='ltr'><strong>gere</strong></span> <span class='ocrx_word' id='word_1_194' title='bbox 218 2359 344 2406; x_wconf 83' lang='lat' dir='ltr'><strong>potuit.</strong></span> <span class='ocrx_word' id='word_1_195' title='bbox 357 2360 526 2405; x_wconf 89' lang='lat' dir='ltr'><strong>Stuprato</strong></span> <span class='ocrx_word' id='word_1_196' title='bbox 536 2360 670 2396; x_wconf 82' lang='lat' dir='ltr'><strong>etenim</strong></span> <span class='ocrx_word' id='word_1_197' title='bbox 683 2362 812 2398; x_wconf 86' lang='lat' dir='ltr'><strong>Pausa-</strong></span> 
     </span>
     <span class='ocr_line' id='line_1_37' title="bbox 126 2411 810 2460; baseline 0.004 -13"><span class='ocrx_word' id='word_1_198' title='bbox 126 2413 184 2448; x_wconf 92' lang='lat' dir='ltr'><strong>nia</strong></span> <span class='ocrx_word' id='word_1_199' title='bbox 195 2412 239 2447; x_wconf 87' lang='lat' dir='ltr'><strong>ab</strong></span> <span class='ocrx_word' id='word_1_200' title='bbox 251 2412 371 2447; x_wconf 80' lang='lat' dir='ltr'><strong>Attalo</strong></span> <span class='ocrx_word' id='word_1_201' title='bbox 381 2411 532 2458; x_wconf 87' lang='lat' dir='ltr'><strong>Philippi</strong></span> <span class='ocrx_word' id='word_1_202' title='bbox 545 2413 681 2448; x_wconf 81' lang='lat' dir='ltr'><strong>sororio</strong></span> <span class='ocrx_word' id='word_1_203' title='bbox 693 2440 702 2457; x_wconf 93' lang='lat'>,</span> <span class='ocrx_word' id='word_1_204' title='bbox 719 2415 810 2460; x_wconf 88' lang='lat' dir='ltr'><strong>apud</strong></span> 
     </span>
     <span class='ocr_line' id='line_1_38' title="bbox 127 2466 815 2513; baseline 0.003 -12"><span class='ocrx_word' id='word_1_205' title='bbox 127 2478 250 2512; x_wconf 77' lang='lat' dir='ltr'><strong>regem</strong></span> <span class='ocrx_word' id='word_1_206' title='bbox 264 2466 448 2512; x_wconf 76' lang='lat' dir='ltr'><strong>saepissime</strong></span> <span class='ocrx_word' id='word_1_207' title='bbox 463 2466 651 2501; x_wconf 75' lang='lat' dir='ltr'><strong>Pausanias</strong></span> <span class='ocrx_word' id='word_1_208' title='bbox 662 2480 815 2513; x_wconf 89' lang='lat' dir='ltr'><strong>conque-</strong></span> 
     </span>
     <span class='ocr_line' id='line_1_39' title="bbox 126 2518 813 2564; baseline 0 -10"><span class='ocrx_word' id='word_1_209' title='bbox 126 2527 200 2555; x_wconf 84' lang='lat' dir='ltr'><strong>stus</strong></span> <span class='ocrx_word' id='word_1_210' title='bbox 212 2525 264 2555; x_wconf 87' lang='lat' dir='ltr'><strong>est</strong></span> <span class='ocrx_word' id='word_1_211' title='bbox 279 2518 356 2555; x_wconf 85' lang='lat' dir='ltr'><strong>:ille</strong></span> <span class='ocrx_word' id='word_1_212' title='bbox 368 2526 486 2555; x_wconf 89' lang='lat' dir='ltr'><strong>autem</strong></span> <span class='ocrx_word' id='word_1_213' title='bbox 497 2519 563 2554; x_wconf 88' lang='lat' dir='ltr'><strong>hoc</strong></span> <span class='ocrx_word' id='word_1_214' title='bbox 574 2519 813 2564; x_wconf 87' lang='lat' dir='ltr'><strong>protrahendo</strong></span> 
     </span>
     <span class='ocr_line' id='line_1_40' title="bbox 128 2572 813 2623; baseline 0 -15"><span class='ocrx_word' id='word_1_215' title='bbox 128 2573 224 2623; x_wconf 80' lang='lat' dir='ltr'><strong>parvi</strong></span> <span class='ocrx_word' id='word_1_216' title='bbox 236 2572 319 2608; x_wconf 80' lang='lat' dir='ltr'><strong>fecit</strong></span> <span class='ocrx_word' id='word_1_217' title='bbox 331 2587 340 2614; x_wconf 85' lang='lat'>;</span> <span class='ocrx_word' id='word_1_218' title='bbox 355 2573 543 2609; x_wconf 82' lang='lat' dir='ltr'><strong>Pausanias</strong></span> <span class='ocrx_word' id='word_1_219' title='bbox 559 2572 692 2608; x_wconf 87' lang='lat' dir='ltr'><strong>inimici</strong></span> <span class='ocrx_word' id='word_1_220' title='bbox 704 2572 813 2608; x_wconf 81' lang='lat' dir='ltr'><strong>Attali</strong></span> 
     </span>
     <span class='ocr_line' id='line_1_41' title="bbox 127 2623 813 2672; baseline 0.003 -13"><span class='ocrx_word' id='word_1_221' title='bbox 127 2624 294 2670; x_wconf 74' lang='lat' dir='ltr'><strong>injuriam</strong></span> <span class='ocrx_word' id='word_1_222' title='bbox 313 2623 350 2659; x_wconf 87' lang='lat' dir='ltr'><strong>in</strong></span> <span class='ocrx_word' id='word_1_223' title='bbox 373 2624 487 2672; x_wconf 85' lang='lat' dir='ltr'><strong>ipsum</strong></span> <span class='ocrx_word' id='word_1_224' title='bbox 512 2625 667 2671; x_wconf 78' lang='lat' dir='ltr'><strong>judicem</strong></span> <span class='ocrx_word' id='word_1_225' title='bbox 684 2625 813 2670; x_wconf 82' lang='lat' dir='ltr'><strong>vertit,</strong></span> 
     </span>
     <span class='ocr_line' id='line_1_42' title="bbox 129 2677 812 2725; baseline 0.004 -13"><span class='ocrx_word' id='word_1_226' title='bbox 129 2690 236 2724; x_wconf 86' lang='lat' dir='ltr'><strong>quem</strong></span> <span class='ocrx_word' id='word_1_227' title='bbox 244 2677 371 2724; x_wconf 75' lang='lat' dir='ltr'><strong>gladio,</strong></span> <span class='ocrx_word' id='word_1_228' title='bbox 382 2678 417 2713; x_wconf 89' lang='lat' dir='ltr'><strong>in</strong></span> <span class='ocrx_word' id='word_1_229' title='bbox 429 2691 500 2725; x_wconf 87' lang='lat' dir='ltr'><strong>quo</strong></span> <span class='ocrx_word' id='word_1_230' title='bbox 511 2679 687 2725; x_wconf 81' lang='lat' dir='ltr'><strong>quadrigae</strong></span> <span class='ocrx_word' id='word_1_231' title='bbox 698 2687 812 2724; x_wconf 85' lang='lat' dir='ltr'><strong>erant,</strong></span> 
     </span>
     <span class='ocr_line' id='line_1_43' title="bbox 131 2729 427 2766; baseline -0.003 0"><span class='ocrx_word' id='word_1_232' title='bbox 131 2729 315 2766; x_wconf 81' lang='lat' dir='ltr'><strong>interfecit.</strong></span> <span class='ocrx_word' id='word_1_233' title='bbox 333 2731 427 2766; x_wconf 74' lang='lat' dir='ltr'>ZAR.</span> 
     </span>
    </p>

    <p class='ocr_par' dir='ltr' id='par_1_14' title="bbox 176 2782 816 2828">
     <span class='ocr_line' id='line_1_44' title="bbox 176 2782 816 2828; baseline 0 -10"><span class='ocrx_word' id='word_1_234' title='bbox 176 2782 251 2818; x_wconf 88' lang='grc'>300.</span> <span class='ocrx_word' id='word_1_235' title='bbox 281 2784 391 2826; x_wconf 81' lang='lat' dir='ltr'><strong>Quam</strong></span> <span class='ocrx_word' id='word_1_236' title='bbox 405 2785 466 2828; x_wconf 85' lang='lat' dir='ltr'><strong>qui</strong></span> <span class='ocrx_word' id='word_1_237' title='bbox 477 2786 649 2828; x_wconf 69' lang='lat' dir='ltr'><strong>cornigero</strong></span> <span class='ocrx_word' id='word_1_238' title='bbox 668 2785 710 2818; x_wconf 85' lang='lat' dir='ltr'><strong>de</strong></span> <span class='ocrx_word' id='word_1_239' title='bbox 729 2785 816 2818; x_wconf 74' lang='lat' dir='ltr'><strong>Jove</strong></span> 
     </span>
    </p>
   </div>
   <div class='ocr_carea' id='block_1_12' title="bbox 1479 1133 1546 1169">
    <p class='ocr_par' dir='ltr' id='par_1_15' title="bbox 1479 1133 1546 1169">
     <span class='ocr_line' id='line_1_45' title="bbox 1479 1133 1546 1169; baseline -0.03 0"><span class='ocrx_word' id='word_1_240' title='bbox 1479 1133 1546 1169; x_wconf 83' lang='lat'><strong>305</strong></span> 
     </span>
    </p>
   </div>
   <div class='ocr_carea' id='block_1_13' title="bbox 861 1250 1571 2829">
    <p class='ocr_par' dir='ltr' id='par_1_16' title="bbox 861 1250 1549 1402">
     <span class='ocr_line' id='line_1_46' title="bbox 861 1250 1548 1298; baseline -0.004 -10"><span class='ocrx_word' id='word_1_241' title='bbox 861 1258 964 1288; x_wconf 81' lang='lat' dir='ltr'><strong>natus</strong></span> <span class='ocrx_word' id='word_1_242' title='bbox 979 1259 1061 1288; x_wconf 79' lang='lat' dir='ltr'><strong>erat.</strong></span> <span class='ocrx_word' id='word_1_243' title='bbox 1080 1251 1250 1298; x_wconf 85' lang='lat' dir='ltr'><strong>Intelligit</strong></span> <span class='ocrx_word' id='word_1_244' title='bbox 1268 1251 1429 1298; x_wconf 82' lang='lat' dir='ltr'><strong>Salvagn.</strong></span> <span class='ocrx_word' id='word_1_245' title='bbox 1453 1250 1548 1286; x_wconf 81' lang='lat' dir='ltr'><strong>Ale-</strong></span> 
     </span>
     <span class='ocr_line' id='line_1_47' title="bbox 863 1304 1548 1350; baseline -0.001 -11"><span class='ocrx_word' id='word_1_246' title='bbox 863 1305 1037 1340; x_wconf 86' lang='lat' dir='ltr'><strong>xandrum</strong></span> <span class='ocrx_word' id='word_1_247' title='bbox 1049 1330 1059 1347; x_wconf 92' lang='lat'>‚</span> <span class='ocrx_word' id='word_1_248' title='bbox 1079 1304 1138 1350; x_wconf 90' lang='lat' dir='ltr'><strong>qui</strong></span> <span class='ocrx_word' id='word_1_249' title='bbox 1158 1305 1404 1339; x_wconf 87' lang='lat' dir='ltr'><strong>Hammonem</strong></span> <span class='ocrx_word' id='word_1_250' title='bbox 1417 1304 1548 1338; x_wconf 84' lang='lat' dir='ltr'><strong>Jovem</strong></span> 
     </span>
     <span class='ocr_line' id='line_1_48' title="bbox 864 1356 1549 1402; baseline -0.004 -11"><span class='ocrx_word' id='word_1_251' title='bbox 864 1356 1003 1402; x_wconf 84' lang='lat' dir='ltr'><strong>generis</strong></span> <span class='ocrx_word' id='word_1_252' title='bbox 1017 1356 1070 1392; x_wconf 86' lang='lat' dir='ltr'><strong>sui</strong></span> <span class='ocrx_word' id='word_1_253' title='bbox 1088 1363 1269 1392; x_wconf 81' lang='lat' dir='ltr'><strong>auctorem</strong></span> <span class='ocrx_word' id='word_1_254' title='bbox 1285 1356 1381 1391; x_wconf 87' lang='lat' dir='ltr'><strong>credi</strong></span> <span class='ocrx_word' id='word_1_255' title='bbox 1399 1356 1549 1391; x_wconf 86' lang='lat' dir='ltr'><strong>volebat.</strong></span> 
     </span>
    </p>

    <p class='ocr_par' dir='ltr' id='par_1_17' title="bbox 863 1409 1555 1776">
     <span class='ocr_line' id='line_1_49' title="bbox 907 1409 1550 1455; baseline 0 -11"><span class='ocrx_word' id='word_1_256' title='bbox 907 1410 983 1445; x_wconf 84' lang='lat'>301.</span> <span class='ocrx_word' id='word_1_257' title='bbox 1002 1411 1131 1445; x_wconf 75' lang='lat' dir='ltr'><strong>Achai.</strong></span> <span class='ocrx_word' id='word_1_258' title='bbox 1159 1409 1319 1455; x_wconf 87' lang='lat' dir='ltr'><strong>Intellige</strong></span> <span class='ocrx_word' id='word_1_259' title='bbox 1343 1409 1550 1445; x_wconf 88' lang='lat' dir='ltr'><strong>Androma-</strong></span> 
     </span>
     <span class='ocr_line' id='line_1_50' title="bbox 863 1462 1552 1510; baseline 0 -12"><span class='ocrx_word' id='word_1_260' title='bbox 863 1463 919 1499; x_wconf 83' lang='lat' dir='ltr'><strong>chi</strong></span> <span class='ocrx_word' id='word_1_261' title='bbox 936 1463 1064 1507; x_wconf 83' lang='lat' dir='ltr'><strong>filium,</strong></span> <span class='ocrx_word' id='word_1_262' title='bbox 1077 1463 1154 1509; x_wconf 85' lang='lat' dir='ltr'><strong>qui,</strong></span> <span class='ocrx_word' id='word_1_263' title='bbox 1163 1475 1275 1510; x_wconf 88' lang='lat' dir='ltr'><strong>quum</strong></span> <span class='ocrx_word' id='word_1_264' title='bbox 1290 1462 1491 1498; x_wconf 84' lang='lat' dir='ltr'><strong>universam</strong></span> <span class='ocrx_word' id='word_1_265' title='bbox 1503 1463 1552 1499; x_wconf 89' lang='lat' dir='ltr'><strong>cis</strong></span> 
     </span>
     <span class='ocr_line' id='line_1_51' title="bbox 864 1516 1552 1564; baseline -0.001 -12"><span class='ocrx_word' id='word_1_266' title='bbox 864 1518 1026 1553; x_wconf 83' lang='lat' dir='ltr'><strong>Taurum</strong></span> <span class='ocrx_word' id='word_1_267' title='bbox 1041 1517 1162 1553; x_wconf 86' lang='lat' dir='ltr'><strong>Asiam</strong></span> <span class='ocrx_word' id='word_1_268' title='bbox 1184 1516 1337 1564; x_wconf 87' lang='lat' dir='ltr'><strong>imperio</strong></span> <span class='ocrx_word' id='word_1_269' title='bbox 1357 1530 1422 1552; x_wconf 90' lang='lat' dir='ltr'><strong>suo</strong></span> <span class='ocrx_word' id='word_1_270' title='bbox 1446 1529 1552 1563; x_wconf 86' lang='lat' dir='ltr'><strong>rege-</strong></span> 
     </span>
     <span class='ocr_line' id='line_1_52' title="bbox 864 1568 1550 1618; baseline -0.001 -12"><span class='ocrx_word' id='word_1_271' title='bbox 864 1577 939 1615; x_wconf 87' lang='lat' dir='ltr'><strong>ret,</strong></span> <span class='ocrx_word' id='word_1_272' title='bbox 956 1584 975 1606; x_wconf 87' lang='lat' dir='ltr'><strong>a</strong></span> <span class='ocrx_word' id='word_1_273' title='bbox 989 1569 1112 1606; x_wconf 84' lang='lat' dir='ltr'><strong>Bolide</strong></span> <span class='ocrx_word' id='word_1_274' title='bbox 1128 1577 1164 1605; x_wconf 79' lang='lat' dir='ltr'><strong>et</strong></span> <span class='ocrx_word' id='word_1_275' title='bbox 1180 1569 1356 1618; x_wconf 90' lang='lat' dir='ltr'><strong>Cambylo</strong></span> <span class='ocrx_word' id='word_1_276' title='bbox 1371 1568 1530 1615; x_wconf 88' lang='lat' dir='ltr'><strong>proditus</strong></span> <span class='ocrx_word' id='word_1_277' title='bbox 1540 1596 1550 1614; x_wconf 94' lang='lat'><em>,</em></span> 
     </span>
     <span class='ocr_line' id='line_1_53' title="bbox 864 1622 1551 1670; baseline -0.004 -11"><span class='ocrx_word' id='word_1_278' title='bbox 864 1630 901 1659; x_wconf 88' lang='lat' dir='ltr'><strong>et</strong></span> <span class='ocrx_word' id='word_1_279' title='bbox 917 1623 959 1658; x_wconf 86' lang='lat' dir='ltr'><strong>ad</strong></span> <span class='ocrx_word' id='word_1_280' title='bbox 977 1636 1097 1670; x_wconf 87' lang='lat' dir='ltr'><strong>regem</strong></span> <span class='ocrx_word' id='word_1_281' title='bbox 1116 1622 1336 1658; x_wconf 84' lang='lat' dir='ltr'><strong>Antiochum</strong></span> <span class='ocrx_word' id='word_1_282' title='bbox 1356 1622 1527 1658; x_wconf 88' lang='lat' dir='ltr'><strong>adductus</strong></span> <span class='ocrx_word' id='word_1_283' title='bbox 1540 1648 1551 1666; x_wconf 91' lang='lat'>,</span> 
     </span>
     <span class='ocr_line' id='line_1_54' title="bbox 865 1675 1553 1722; baseline -0.001 -11"><span class='ocrx_word' id='word_1_284' title='bbox 865 1675 1107 1712; x_wconf 80' lang='lat' dir='ltr'><strong>crudelissimo</strong></span> <span class='ocrx_word' id='word_1_285' title='bbox 1130 1675 1300 1722; x_wconf 87' lang='lat' dir='ltr'><strong>supplicio</strong></span> <span class='ocrx_word' id='word_1_286' title='bbox 1323 1675 1483 1718; x_wconf 84' lang='lat' dir='ltr'><strong>interiit,</strong></span> <span class='ocrx_word' id='word_1_287' title='bbox 1513 1681 1553 1710; x_wconf 81' lang='lat' dir='ltr'><strong>ut</strong></span> 
     </span>
     <span class='ocr_line' id='line_1_55' title="bbox 866 1727 1555 1776; baseline 0 -12"><span class='ocrx_word' id='word_1_288' title='bbox 866 1728 990 1776; x_wconf 83' lang='lat' dir='ltr'><strong>Polyb.</strong></span> <span class='ocrx_word' id='word_1_289' title='bbox 1006 1728 1064 1764; x_wconf 89' lang='lat' dir='ltr'><strong>lib.</strong></span> <span class='ocrx_word' id='word_1_290' title='bbox 1076 1729 1188 1772; x_wconf 86' lang='lat' dir='ltr'>VIII,</span> <span class='ocrx_word' id='word_1_291' title='bbox 1206 1741 1282 1775; x_wconf 85' lang='lat' dir='ltr'><strong>pag.</strong></span> <span class='ocrx_word' id='word_1_292' title='bbox 1299 1729 1363 1763; x_wconf 83' lang='lat'><strong>528</strong></span> <span class='ocrx_word' id='word_1_293' title='bbox 1379 1727 1555 1764; x_wconf 81' lang='lat' dir='ltr'><strong>describit.</strong></span> 
     </span>
    </p>

    <p class='ocr_par' dir='ltr' id='par_1_18' title="bbox 862 1779 1556 1933">
     <span class='ocr_line' id='line_1_56' title="bbox 912 1779 1556 1824; baseline -0.005 -9"><span class='ocrx_word' id='word_1_294' title='bbox 912 1780 988 1816; x_wconf 79' lang='lat'><strong>302.</strong></span> <span class='ocrx_word' id='word_1_295' title='bbox 1011 1782 1084 1824; x_wconf 73' lang='lat' dir='ltr'><strong>Qui</strong></span> <span class='ocrx_word' id='word_1_296' title='bbox 1094 1783 1196 1815; x_wconf 82' lang='lat' dir='ltr'><strong>miser</strong></span> <span class='ocrx_word' id='word_1_297' title='bbox 1213 1779 1362 1824; x_wconf 82' lang='lat' dir='ltr'><strong>aurifera</strong></span> <span class='ocrx_word' id='word_1_298' title='bbox 1381 1782 1476 1814; x_wconf 83' lang='lat' dir='ltr'><strong>triste</strong></span> <span class='ocrx_word' id='word_1_299' title='bbox 1490 1791 1556 1823; x_wconf 77' lang='lat' dir='ltr'><strong>pe-</strong></span> 
     </span>
     <span class='ocr_line' id='line_1_57' title="bbox 862 1832 1556 1879; baseline -0.003 -11"><span class='ocrx_word' id='word_1_300' title='bbox 862 1835 986 1879; x_wconf 80' lang='lat' dir='ltr'><strong>pendit</strong></span> <span class='ocrx_word' id='word_1_301' title='bbox 998 1845 1102 1879; x_wconf 80' lang='lat' dir='ltr'><strong>aqua..</strong></span> <span class='ocrx_word' id='word_1_302' title='bbox 1124 1834 1158 1867; x_wconf 81' lang='lat' dir='ltr'><em>T</em></span> <span class='ocrx_word' id='word_1_303' title='bbox 1152 1837 1223 1868; x_wconf 78' lang='lat' dir='ltr'><strong>este</strong></span> <span class='ocrx_word' id='word_1_304' title='bbox 1230 1834 1391 1876; x_wconf 78' lang='lat' dir='ltr'><strong>pependit</strong></span> <span class='ocrx_word' id='word_1_305' title='bbox 1409 1845 1451 1867; x_wconf 80' lang='lat' dir='ltr'><strong>ex</strong></span> <span class='ocrx_word' id='word_1_306' title='bbox 1469 1832 1556 1867; x_wconf 87' lang='lat' dir='ltr'><strong>scri-</strong></span> 
     </span>
     <span class='ocr_line' id='line_1_58' title="bbox 868 1887 1310 1933; baseline -0.007 -10"><span class='ocrx_word' id='word_1_307' title='bbox 868 1887 936 1933; x_wconf 84' lang='lat' dir='ltr'><strong>ptis</strong></span> <span class='ocrx_word' id='word_1_308' title='bbox 952 1887 1155 1933; x_wconf 82' lang='lat' dir='ltr'><strong>potioribus.</strong></span> <span class='ocrx_word' id='word_1_309' title='bbox 1174 1887 1310 1921; x_wconf 73' lang='lat' dir='ltr'><strong>Hssms.</strong></span> 
     </span>
    </p>

    <p class='ocr_par' dir='ltr' id='par_1_19' title="bbox 868 1937 1571 2557">
     <span class='ocr_line' id='line_1_59' title="bbox 913 1937 1557 1975; baseline -0.002 -1"><span class='ocrx_word' id='word_1_310' title='bbox 913 1940 991 1975; x_wconf 90' lang='grc'>303.</span> <span class='ocrx_word' id='word_1_311' title='bbox 1001 1941 1077 1975; x_wconf 83' lang='lat' dir='ltr'><strong>Aut</strong></span> <span class='ocrx_word' id='word_1_312' title='bbox 1087 1946 1125 1974; x_wconf 80' lang='lat' dir='ltr'><strong>ut</strong></span> <span class='ocrx_word' id='word_1_313' title='bbox 1132 1939 1342 1974; x_wconf 77' lang='lat' dir='ltr'><strong>Achilliden.</strong></span> <span class='ocrx_word' id='word_1_314' title='bbox 1355 1937 1425 1973; x_wconf 86' lang='lat' dir='ltr'><strong>Alii</strong></span> <span class='ocrx_word' id='word_1_315' title='bbox 1439 1939 1557 1974; x_wconf 78' lang='lat' dir='ltr'><strong>Achil-</strong></span> 
     </span>
     <span class='ocr_line' id='line_1_60' title="bbox 868 1991 1559 2038; baseline -0.003 -10"><span class='ocrx_word' id='word_1_316' title='bbox 868 1995 955 2028; x_wconf 75' lang='lat' dir='ltr'><strong>lidoe.</strong></span> <span class='ocrx_word' id='word_1_317' title='bbox 968 1991 1090 2028; x_wconf 85' lang='lat' dir='ltr'><strong>Scribe</strong></span> <span class='ocrx_word' id='word_1_318' title='bbox 1109 1993 1293 2027; x_wconf 77' lang='lat' dir='ltr'><strong>Achillidoe</strong></span> <span class='ocrx_word' id='word_1_319' title='bbox 1302 2018 1311 2032; x_wconf 91' lang='lat'><em>,</em></span> <span class='ocrx_word' id='word_1_320' title='bbox 1329 1991 1396 2026; x_wconf 92' lang='lat' dir='ltr'><strong>hoc</strong></span> <span class='ocrx_word' id='word_1_321' title='bbox 1406 1998 1458 2026; x_wconf 85' lang='lat' dir='ltr'><strong>est</strong></span> <span class='ocrx_word' id='word_1_322' title='bbox 1469 1991 1559 2038; x_wconf 87' lang='lat' dir='ltr'><strong>Pyr-</strong></span> 
     </span>
     <span class='ocr_line' id='line_1_61' title="bbox 870 2044 1571 2090; baseline -0.001 -10"><span class='ocrx_word' id='word_1_323' title='bbox 870 2045 927 2080; x_wconf 87' lang='lat' dir='ltr'><strong>rhi</strong></span> <span class='ocrx_word' id='word_1_324' title='bbox 940 2044 1176 2090; x_wconf 83' lang='lat' dir='ltr'><strong>Neoptolemi.</strong></span> <span class='ocrx_word' id='word_1_325' title='bbox 1194 2044 1240 2079; x_wconf 85' lang='lat' dir='ltr'><strong>H.</strong></span> <span class='ocrx_word' id='word_1_326' title='bbox 1249 2063 1293 2070; x_wconf 88' lang='lat'>—</span> <span class='ocrx_word' id='word_1_327' title='bbox 1303 2045 1377 2079; x_wconf 82' lang='lat' dir='ltr'><strong>Aut</strong></span> <span class='ocrx_word' id='word_1_328' title='bbox 1385 2051 1424 2078; x_wconf 85' lang='lat' dir='ltr'><strong>ut</strong></span> <span class='ocrx_word' id='word_1_329' title='bbox 1436 2046 1571 2080; x_wconf 53' lang='lat' dir='ltr'><strong>Achil-⁴</strong></span> 
     </span>
     <span class='ocr_line' id='line_1_62' title="bbox 869 2097 1559 2144; baseline 0 -12"><span class='ocrx_word' id='word_1_330' title='bbox 869 2100 970 2133; x_wconf 83' lang='lat' dir='ltr'><strong>Iiden.</strong></span> <span class='ocrx_word' id='word_1_331' title='bbox 994 2097 1153 2144; x_wconf 87' lang='lat' dir='ltr'><strong>Pyrrhus</strong></span> <span class='ocrx_word' id='word_1_332' title='bbox 1175 2103 1341 2131; x_wconf 84' lang='lat' dir='ltr'><strong>materno</strong></span> <span class='ocrx_word' id='word_1_333' title='bbox 1366 2110 1496 2142; x_wconf 82' lang='lat' dir='ltr'><strong>genere</strong></span> <span class='ocrx_word' id='word_1_334' title='bbox 1516 2097 1559 2132; x_wconf 82' lang='lat' dir='ltr'><strong>ab</strong></span> 
     </span>
     <span class='ocr_line' id='line_1_63' title="bbox 873 2150 1563 2196; baseline -0.001 -10"><span class='ocrx_word' id='word_1_335' title='bbox 873 2150 1008 2187; x_wconf 84' lang='lat' dir='ltr'><strong>Achille</strong></span> <span class='ocrx_word' id='word_1_336' title='bbox 1025 2150 1216 2193; x_wconf 84' lang='lat' dir='ltr'><strong>oriundus,</strong></span> <span class='ocrx_word' id='word_1_337' title='bbox 1235 2157 1385 2196; x_wconf 90' lang='lat' dir='ltr'><strong>paterno</strong></span> <span class='ocrx_word' id='word_1_338' title='bbox 1402 2150 1444 2184; x_wconf 87' lang='lat' dir='ltr'><strong>ab</strong></span> <span class='ocrx_word' id='word_1_339' title='bbox 1463 2150 1563 2185; x_wconf 89' lang='lat' dir='ltr'><strong>Her-</strong></span> 
     </span>
     <span class='ocr_line' id='line_1_64' title="bbox 873 2203 1565 2250; baseline -0.003 -10"><span class='ocrx_word' id='word_1_340' title='bbox 873 2205 949 2240; x_wconf 90' lang='lat' dir='ltr'><strong>cule</strong></span> <span class='ocrx_word' id='word_1_341' title='bbox 959 2231 969 2249; x_wconf 89' lang='lat'>,</span> <span class='ocrx_word' id='word_1_342' title='bbox 980 2217 1090 2250; x_wconf 88' lang='lat' dir='ltr'><strong>quum</strong></span> <span class='ocrx_word' id='word_1_343' title='bbox 1101 2203 1491 2249; x_wconf 73' lang='lat' dir='ltr'><strong>adversusAntigonum</strong></span> <span class='ocrx_word' id='word_1_344' title='bbox 1497 2203 1565 2238; x_wconf 87' lang='lat' dir='ltr'><strong>Ar-</strong></span> 
     </span>
     <span class='ocr_line' id='line_1_65' title="bbox 875 2256 1563 2303; baseline 0 -11"><span class='ocrx_word' id='word_1_345' title='bbox 875 2270 935 2303; x_wconf 82' lang='lat' dir='ltr'><strong>gos</strong></span> <span class='ocrx_word' id='word_1_346' title='bbox 950 2256 1148 2301; x_wconf 86' lang='lat' dir='ltr'><strong>obsideret,</strong></span> <span class='ocrx_word' id='word_1_347' title='bbox 1170 2269 1256 2291; x_wconf 87' lang='lat' dir='ltr'><strong>anus</strong></span> <span class='ocrx_word' id='word_1_348' title='bbox 1267 2269 1286 2292; x_wconf 87' lang='lat' dir='ltr'><strong>e</strong></span> <span class='ocrx_word' id='word_1_349' title='bbox 1299 2263 1393 2291; x_wconf 82' lang='lat' dir='ltr'><strong>tecto</strong></span> <span class='ocrx_word' id='word_1_350' title='bbox 1404 2264 1563 2301; x_wconf 87' lang='lat' dir='ltr'><strong>spectans</strong></span> 
     </span>
     <span class='ocr_line' id='line_1_66' title="bbox 874 2309 1564 2356; baseline -0.003 -10"><span class='ocrx_word' id='word_1_351' title='bbox 874 2310 987 2346; x_wconf 86' lang='lat' dir='ltr'><strong>filium</strong></span> <span class='ocrx_word' id='word_1_352' title='bbox 1001 2309 1237 2356; x_wconf 82' lang='lat' dir='ltr'><strong>prodeuntem</strong></span> <span class='ocrx_word' id='word_1_353' title='bbox 1252 2310 1289 2344; x_wconf 87' lang='lat' dir='ltr'><strong>in</strong></span> <span class='ocrx_word' id='word_1_354' title='bbox 1304 2309 1414 2345; x_wconf 88' lang='lat' dir='ltr'><strong>aciem</strong></span> <span class='ocrx_word' id='word_1_355' title='bbox 1427 2337 1435 2349; x_wconf 93' lang='lat'><strong><em>‚</em></strong></span> <span class='ocrx_word' id='word_1_356' title='bbox 1454 2316 1490 2344; x_wconf 91' lang='lat' dir='ltr'><strong>et</strong></span> <span class='ocrx_word' id='word_1_357' title='bbox 1500 2323 1564 2355; x_wconf 88' lang='lat' dir='ltr'><strong>pe—</strong></span> 
     </span>
     <span class='ocr_line' id='line_1_67' title="bbox 875 2363 1562 2408; baseline 0 -10"><span class='ocrx_word' id='word_1_358' title='bbox 875 2363 987 2399; x_wconf 86' lang='lat' dir='ltr'><strong>riculo</strong></span> <span class='ocrx_word' id='word_1_359' title='bbox 999 2370 1178 2400; x_wconf 81' lang='lat' dir='ltr'><strong>commota</strong></span> <span class='ocrx_word' id='word_1_360' title='bbox 1192 2389 1201 2407; x_wconf 93' lang='lat'>,</span> <span class='ocrx_word' id='word_1_361' title='bbox 1215 2370 1364 2408; x_wconf 83' lang='lat' dir='ltr'><strong>utraque</strong></span> <span class='ocrx_word' id='word_1_362' title='bbox 1382 2375 1491 2397; x_wconf 87' lang='lat' dir='ltr'><strong>manu</strong></span> <span class='ocrx_word' id='word_1_363' title='bbox 1506 2370 1562 2398; x_wconf 86' lang='lat' dir='ltr'><strong>te-</strong></span> 
     </span>
     <span class='ocr_line' id='line_1_68' title="bbox 876 2414 1566 2462; baseline -0.001 -11"><span class='ocrx_word' id='word_1_364' title='bbox 876 2417 994 2462; x_wconf 85' lang='lat' dir='ltr'><strong>gulam</strong></span> <span class='ocrx_word' id='word_1_365' title='bbox 1015 2416 1176 2460; x_wconf 88' lang='lat' dir='ltr'><strong>demisit,</strong></span> <span class='ocrx_word' id='word_1_366' title='bbox 1193 2429 1261 2461; x_wconf 90' lang='lat' dir='ltr'><strong>qua</strong></span> <span class='ocrx_word' id='word_1_367' title='bbox 1280 2414 1498 2450; x_wconf 82' lang='lat' dir='ltr'><strong>exanimatus</strong></span> <span class='ocrx_word' id='word_1_368' title='bbox 1512 2422 1566 2450; x_wconf 84' lang='lat' dir='ltr'><strong>est</strong></span> 
     </span>
     <span class='ocr_line' id='line_1_69' title="bbox 878 2467 1563 2517; baseline -0.001 -13"><span class='ocrx_word' id='word_1_369' title='bbox 878 2469 1037 2517; x_wconf 86' lang='lat' dir='ltr'><strong>Pyrrhus</strong></span> <span class='ocrx_word' id='word_1_370' title='bbox 1050 2495 1059 2512; x_wconf 91' lang='lat'>,</span> <span class='ocrx_word' id='word_1_371' title='bbox 1077 2476 1118 2504; x_wconf 89' lang='lat' dir='ltr'><strong>ut</strong></span> <span class='ocrx_word' id='word_1_372' title='bbox 1134 2468 1344 2503; x_wconf 86' lang='lat' dir='ltr'><strong>Plutarchus</strong></span> <span class='ocrx_word' id='word_1_373' title='bbox 1365 2475 1401 2503; x_wconf 90' lang='lat' dir='ltr'><strong>et</strong></span> <span class='ocrx_word' id='word_1_374' title='bbox 1420 2467 1563 2503; x_wconf 86' lang='lat' dir='ltr'><strong>Corne-</strong></span> 
     </span>
     <span class='ocr_line' id='line_1_70' title="bbox 877 2520 1249 2557; baseline -0.003 -1"><span class='ocrx_word' id='word_1_375' title='bbox 877 2522 944 2557; x_wconf 85' lang='lat' dir='ltr'><strong>lius</strong></span> <span class='ocrx_word' id='word_1_376' title='bbox 958 2521 1127 2557; x_wconf 85' lang='lat' dir='ltr'><strong>scribunt.</strong></span> <span class='ocrx_word' id='word_1_377' title='bbox 1144 2520 1249 2555; x_wconf 77' lang='lat' dir='ltr'><strong>Dom-</strong></span> 
     </span>
    </p>

    <p class='ocr_par' dir='ltr' id='par_1_20' title="bbox 880 2574 1570 2829">
     <span class='ocr_line' id='line_1_71' title="bbox 922 2574 1566 2620; baseline 0 -12"><span class='ocrx_word' id='word_1_378' title='bbox 922 2575 1000 2609; x_wconf 79' lang='lat'><strong>305.</strong></span> <span class='ocrx_word' id='word_1_379' title='bbox 1019 2574 1089 2608; x_wconf 85' lang='lat' dir='ltr'><strong>Nec</strong></span> <span class='ocrx_word' id='word_1_380' title='bbox 1104 2579 1163 2608; x_wconf 84' lang='lat' dir='ltr'><strong>tua</strong></span> <span class='ocrx_word' id='word_1_381' title='bbox 1177 2586 1276 2618; x_wconf 81' lang='lat' dir='ltr'><strong>quam</strong></span> <span class='ocrx_word' id='word_1_382' title='bbox 1290 2574 1418 2620; x_wconf 80' lang='lat' dir='ltr'><strong>Pyrrhi</strong></span> <span class='ocrx_word' id='word_1_383' title='bbox 1429 2580 1493 2608; x_wconf 80' lang='lat' dir='ltr'><strong>etc.</strong></span> <span class='ocrx_word' id='word_1_384' title='bbox 1508 2574 1566 2609; x_wconf 91' lang='lat' dir='ltr'><strong>De</strong></span> 
     </span>
     <span class='ocr_line' id='line_1_72' title="bbox 880 2625 1566 2673; baseline 0 -13"><span class='ocrx_word' id='word_1_385' title='bbox 880 2625 1021 2673; x_wconf 89' lang='lat' dir='ltr'><strong>Pyrrho</strong></span> <span class='ocrx_word' id='word_1_386' title='bbox 1031 2625 1267 2672; x_wconf 85' lang='lat' dir='ltr'><strong>Neoptolemo</strong></span> <span class='ocrx_word' id='word_1_387' title='bbox 1283 2625 1566 2671; x_wconf 86' lang='lat' dir='ltr'><strong>intelligendum,</strong></span> 
     </span>
     <span class='ocr_line' id='line_1_73' title="bbox 885 2678 1567 2724; baseline -0.001 -10"><span class='ocrx_word' id='word_1_388' title='bbox 885 2678 1024 2714; x_wconf 86' lang='lat' dir='ltr'><strong>Achillis</strong></span> <span class='ocrx_word' id='word_1_389' title='bbox 1047 2678 1140 2719; x_wconf 81' lang='lat' dir='ltr'><strong>filio.</strong></span> <span class='ocrx_word' id='word_1_390' title='bbox 1164 2678 1265 2724; x_wconf 74' lang='lat' dir='ltr'><strong>cujus</strong></span> <span class='ocrx_word' id='word_1_391' title='bbox 1290 2691 1365 2714; x_wconf 88' lang='lat' dir='ltr'><strong>ossa</strong></span> <span class='ocrx_word' id='word_1_392' title='bbox 1390 2691 1455 2724; x_wconf 87' lang='lat' dir='ltr'><strong>per</strong></span> <span class='ocrx_word' id='word_1_393' title='bbox 1477 2678 1567 2713; x_wconf 87' lang='lat' dir='ltr'><strong>fines</strong></span> 
     </span>
     <span class='ocr_line' id='line_1_74' title="bbox 881 2730 1570 2778; baseline 0.001 -13"><span class='ocrx_word' id='word_1_394' title='bbox 881 2730 1080 2766; x_wconf 75' lang='lat' dir='ltr'><strong>Ambraciae</strong></span> <span class='ocrx_word' id='word_1_395' title='bbox 1095 2744 1212 2778; x_wconf 89' lang='lat' dir='ltr'><strong>sparsa</strong></span> <span class='ocrx_word' id='word_1_396' title='bbox 1228 2743 1300 2766; x_wconf 84' lang='lat' dir='ltr'><strong>esse</strong></span> <span class='ocrx_word' id='word_1_397' title='bbox 1319 2757 1328 2774; x_wconf 91' lang='lat'>,</span> <span class='ocrx_word' id='word_1_398' title='bbox 1349 2737 1470 2765; x_wconf 89' lang='lat' dir='ltr'><strong>narrat</strong></span> <span class='ocrx_word' id='word_1_399' title='bbox 1487 2730 1570 2778; x_wconf 87' lang='lat' dir='ltr'><strong>Hy-</strong></span> 
     </span>
     <span class='ocr_line' id='line_1_75' title="bbox 883 2782 1413 2829; baseline -0.002 -12"><span class='ocrx_word' id='word_1_400' title='bbox 883 2782 984 2829; x_wconf 85' lang='lat' dir='ltr'><strong>ginus</strong></span> <span class='ocrx_word' id='word_1_401' title='bbox 998 2809 1007 2827; x_wconf 92' lang='lat'>,</span> <span class='ocrx_word' id='word_1_402' title='bbox 1025 2783 1109 2818; x_wconf 82' lang='lat' dir='ltr'><strong>Fab.</strong></span> <span class='ocrx_word' id='word_1_403' title='bbox 1128 2792 1260 2819; x_wconf 83' lang='lat' dir='ltr'><strong>cxxm.</strong></span> <span class='ocrx_word' id='word_1_404' title='bbox 1273 2782 1413 2817; x_wconf 73' lang='lat' dir='ltr'><strong>Mrcu.</strong></span> 
     </span>
    </p>
   </div>
  </div>
 </body>
</html>
