1794 3100
258 262 337 317 146
690 259 741 302 P.
779 258 1015 303 ov1D11
1046 257 1224 303 VITA

246 355 350 404 licet
373 374 395 403 a
418 353 680 421 praetoribus
703 371 753 401 ex
777 352 964 402 decuriis
981 364 1138 419 praeter
1159 351 1452 400 centumviros
1470 351 1668 416 legeban-

249 444 343 487 tur,
369 429 506 479 etalii
531 430 586 478 ad
618 429 886 495 privatorum
920 428 1019 477 lites
1051 427 1378 493 dijudicandas,
1415 428 1491 494 qui
1519 427 1674 492 privati

248 525 426 575 quoque
446 506 615 572 judices
635 505 928 563 vocabantur,
962 504 1126 571 quique
1148 504 1369 568 sigillatim
1393 505 1446 552 ad
1472 504 1669 570 quamvis

247 604 444 642 causam,
470 583 762 633 centumviros
795 602 887 631 non
917 594 1212 649 spectantem,
1238 582 1469 630 dabantur.
1502 580 1670 629 Audia-

245 683 343 713 mus
366 664 478 712 hanc
497 663 543 710 in
564 682 654 711 rem
677 661 779 710 Aul.
806 661 998 709 Gellium
1021 667 1031 685 ¹
1049 699 1060 719 ,
1088 661 1164 727 qui
1184 661 1227 708 id
1250 679 1385 723 genus
1404 659 1539 725 judex
1557 657 1666 707 fuit:

250 765 272 785 «
301 742 405 805 Quo
441 740 631 807 primum
667 751 860 806 tempore
896 759 920 786 a
952 738 1216 805 praetoribus
1252 737 1391 785 lectus
1427 736 1472 783 in
1501 735 1668 800 judices

251 842 274 861 »
302 837 425 874 sum,
460 829 511 865 ut
534 829 755 873 JUDlCIA,
783 835 877 882 quae
904 813 1184 881 appellantur
1207 825 1439 880 PRIVATA,
1470 811 1669 877 suscipe-

249 919 271 938 »
297 914 416 952 rem,
443 894 581 942 libros
607 894 836 958 utriusque
860 892 1021 955 linguae
1045 891 1096 940 de
1123 890 1267 939 officio
1286 890 1446 955 judicis
1479 890 1669 956 scriptos

249 994 272 1014 »
299 970 569 1036 conquisivi3
593 981 644 1017 ut
664 970 799 1016 homo
825 968 1075 1017 adolescens
1101 987 1122 1016 a
1147 979 1374 1033 poetarum
1393 965 1556 1014 fabulis
1580 977 1626 1014 et
1645 985 1670 1014 a

251 1074 272 1094 »
300 1051 529 1098 rhetorum
554 1047 743 1113 epilogis
766 1046 821 1094 ad
842 1045 1095 1111 judicandas
1119 1044 1218 1093 lites
1240 1057 1420 1092 vocatus
1441 1080 1453 1101 ,
1477 1062 1570 1093 rem
1596 1044 1670 1109 ju·-

248 1151 271 1171 »
298 1126 540 1183 diciariam,
560 1163 569 1172 .
583 1162 591 1172 .
607 1162 616 1172 .
638 1143 689 1172 ex
708 1123 843 1171 mutis
857 1160 868 1181 ,
890 1121 1011 1189 quod
1035 1121 1180 1178 aiunt,
1198 1119 1418 1183 magistris
1436 1138 1669 1183 cognosce-

247 1228 271 1250 »
298 1225 415 1261 rem,
442 1216 522 1252 etc.
554 1226 576 1246 »
605 1205 658 1251 In
680 1202 801 1250 hisce
822 1219 923 1249 vero
947 1200 1129 1267 privatis
1148 1199 1325 1264 judiciis
1347 1202 1465 1247 unus
1488 1198 1669 1264 quidem
1705 1216 1727 1235 ν
1750 1192 1779 1209 ”

244 1294 416 1331 tantum
444 1281 575 1347 judex
600 1280 722 1328 litem
753 1283 831 1328 sua
862 1278 1076 1327 sententia
1100 1276 1356 1333 definiebat;
1380 1286 1503 1324 erant
1526 1278 1669 1324 tam'en

244 1359 320 1409 alii
351 1359 511 1425 judicis
545 1358 671 1406 amici
698 1355 941 1422 jurisperiti
964 1355 1009 1402 in
1034 1353 1270 1403 consilium
1301 1352 1512 1410 adhibiti,
1535 1364 1671 1419 prout

243 1436 359 1484 idom
389 1434 558 1483 Gellius
592 1445 746 1500 postea
771 1439 787 1457 ²
809 1432 968 1479 docet:
998 1453 1020 1473 «
1042 1430 1308 1486 Petebatur,
1333 1428 1418 1487 ait,
1448 1427 1568 1494 apud
1600 1443 1670 1476 me

246 1536 270 1558 »
298 1513 504 1580 pecunia,
529 1531 625 1579 quae
643 1512 869 1560 dicebatur
887 1510 987 1558 data
1005 1520 1342 1574 numerataque,
1362 1520 1441 1555 etc.
1466 1529 1488 1549 »
1512 1506 1669 1554 Paucis

245 1591 399 1640 deinde
417 1601 523 1656 post
540 1588 668 1637 lineis
689 1609 697 1636 :
723 1611 745 1630 κ
769 1589 917 1644 Tunc,
938 1586 1083 1643 addit,
1103 1585 1168 1633 ibi
1187 1583 1313 1632 amici
1331 1583 1442 1641 mei,
1466 1602 1580 1650 quos
1594 1602 1669 1631 ro-

247 1693 270 1712 »
300 1686 498 1731 gaveram
525 1666 573 1713 in
598 1663 859 1722 consilium,
884 1663 967 1711 viri
989 1661 1235 1719 exercitati,
1261 1673 1392 1727 atque
1413 1659 1459 1708 in
1477 1660 1669 1726 patroci-

248 1769 271 1789 »
299 1746 385 1793 niis
404 1745 508 1793 etin
524 1745 672 1811 operis
688 1742 774 1791 fori
793 1741 1007 1798 celebres,
1031 1778 1040 1788 .
1054 1778 1062 1788 .
1076 1778 1085 1788 .
1105 1759 1198 1787 non
1217 1737 1454 1787 sedendum
1479 1737 1666 1793 diutius,

250 1847 271 1867 »
298 1843 347 1871 ac
374 1821 486 1870 nihil
522 1839 613 1870 esse
650 1820 833 1868 dubium
869 1818 1094 1874 dicebant,
1130 1817 1237 1881 quin
1272 1813 1565 1863 absolvendus
1601 1812 1668 1861 fo-

247 1924 271 1942 »
299 1912 387 1957 ret,
413 1911 494 1947 etc.
528 1921 549 1941 υ
577 1899 789 1946 Praeterea
811 1896 877 1943 vel
902 1915 953 1943 ex
979 1895 1189 1942 Cicerone
1212 1903 1356 1957 patet,
1380 1908 1531 1938 causas
1550 1889 1669 1938 haud

244 1977 353 2025 adeo
381 1975 497 2023 leves
523 1993 573 2023 ac
601 1973 734 2036 vulgo
770 1983 952 2039 putant,
981 1970 1056 2019 sed
1078 1981 1120 2017 et
1144 1968 1419 2032 gravissimas
1443 1967 1491 2014 in
1513 1966 1666 2015 iisdem

244 2054 419 2120 judiciis
441 2052 624 2125 privatis
642 2062 758 2100 actas
780 2050 926 2097 fuisse.
948 2047 1026 2096 Ille
1048 2047 1164 2095 enim
1185 2046 1238 2094 de
1257 2043 1477 2096 Oratore³
1501 2065 1511 2092 :
1537 2066 1559 2086 «
1578 2044 1669 2091 Vo-

246 2156 270 2176 »
296 2130 449 2179 litare
438 2150 485 2178 ln
501 2131 622 2188 sor,o
642 2128 832 2177 haerere
822 2147 868 2175 m
888 2127 1004 2192 jure,
1027 2145 1074 2174 ac
1094 2136 1331 2192 praetorum
1348 2122 1666 2181 tribunalibus,

249 2235 271 2254 »
301 2226 321 2259 J
328 2221 492 2259 UDICIA
509 2221 715 2257 PRIVATA
729 2225 984 2269 magnarum
1001 2223 1147 2253 rerum
1163 2203 1327 2260 obire,
1317 2221 1363 2250 1n
1378 2202 1542 2268 quibus
1555 2219 1667 2267 saepe

250 2311 271 2330 »
297 2307 385 2335 non
411 2287 465 2335 de
485 2286 622 2343 fact0,
642 2285 718 2334 sed
740 2285 792 2332 de
811 2283 1013 2349 aequitate
1034 2294 1078 2331 et
1099 2283 1193 2347 jure
1211 2291 1424 2335 certetur3
1444 2279 1604 2343 jactare
1623 2295 1667 2325 se

253 2388 273 2406 n
302 2365 346 2411 in
370 2364 512 2413 causis
542 2373 1020 2417 CENTUMVIRALIBUS,
1044 2359 1091 2406 in
1120 2357 1282 2425 qulbus
1316 2355 1634 2421 usucapionum
1654 2390 1665 2411 ,

252 2441 568 2498 >›,tutelarum
594 2438 912 2502 gentilitatum,
939 2436 1244 2500 agnationum,
1269 2433 1563 2489 alluvionum,
1587 2431 1668 2479 cir-

254 2541 272 2557 »
302 2516 654 2573 cumluvionum‚
684 2533 923 2571 nexorum,
947 2513 1186 2579 parietum,
1215 2509 1459 2566 luminum,
1490 2506 1666 2556 stillici-

294 2641 429 2675 *Nece
452 2639 555 2674 Attic.
574 2639 631 2673 lib.
649 2637 752 2680 XIV,
767 2650 843 2682 cap.
859 2650 887 2670 2.

292 2704 306 2721 ²
331 2701 422 2735 Vide
441 2708 475 2735 et
492 2701 549 2734 lib.
566 2701 637 2734 XII
650 2726 659 2742 ,
679 2713 750 2744 cap.
772 2700 822 2733 13.

291 2762 303 2781 3
326 2762 400 2795 Lib.
416 2761 450 2804 I,
466 2774 538 2806 cap.
556 2762 598 2795 38
613 2775 621 2803 ;
644 2760 723 2794 vide
740 2766 775 2794 et
791 2760 841 2806 39.
