1794 3100
1500 200 1626 218 m

252 334 801 427 NOTITIA
860 329 1559 421 LITERARIA

874 533 944 569 DE

399 683 479 753 P.
529 629 906 752 ovlmo
962 674 1411 758 NASONE‚

194 856 255 887 131
280 856 345 886 σο.
369 830 457 886 m.
479 856 664 886 namen
690 853 969 885 nmmo-runc».
1001 850 1155 881 mrim
1178 850 1204 878 A
1234 850 1297 879 Jo.
1326 848 1425 879 Aue.
1449 845 1628 876 ERNESTI

538 928 718 958 suenus
735 926 859 957 tm‘rs
875 943 887 965 ‚
912 925 1016 954 rou.
1039 926 1079 962 1,
1105 922 1193 953 car.
1220 909 1281 951 15.

554 1203 770 1244 ovmn
800 1201 982 1244 AETAS
1017 1202 1096 1242 ET
1126 1199 1289 1241 vrrA.
1347 1188 1352 1193 '

205 1326 423 1398 PUBLIUS
445 1351 643 1398 Ovmms
661 1351 788 1398 NASO
812 1368 824 1384 ¹
842 1385 855 1407 ,
883 1368 934 1396 ex
958 1350 1116 1395 ordine
1137 1352 1356 1412 equestri,
1383 1356 1511 1392 natus
1534 1347 1636 1394 Sul-

202 1441 333 1470 mone
354 1427 400 1469 in
418 1425 636 1486 Pelignis,
660 1443 699 1470 a.
717 1426 778 1471 U.
795 1427 849 1471 C.
873 1442 922 1487 7¹
940 1443 954 1468 1
969 1459 981 1477 ‚
1008 1426 1159 1470 Hirtio
1181 1434 1226 1470 et
1246 1427 1384 1469 Pansa
1405 1440 1533 1477 coss„
1552 1435 1637 1467 x111

203 1497 292 1544 kal.
320 1499 469 1560 April.
491 1500 645 1544 Vitam
669 1515 792 1543 suam
820 1500 915 1560 ipse
942 1497 1158 1542 describit
1189 1500 1281 1553 IV,
1319 1514 1366 1541 10
1396 1497 1633 1542 Tristium.

204 1573 396 1633 Propter
429 1572 660 1631 ingenium
686 1572 934 1633 miramque
955 1588 1106 1615 versus
1135 1571 1410 1615 suavissimos
1426 1603 1438 1623 ,
1471 1568 1636 1629 elegia-

205 1660 278 1689 cos
300 1652 316 1670 “
336 1647 602 1706 praesertim,
638 1645 899 1690 effundendi
930 1644 1216 1702 facilitatem3
1251 1644 1306 1689 de
1333 1662 1419 1706 qua
1446 1642 1539 1687 vid.
1575 1643 1636 1686 D.

205 1718 442 1764 Heinsium
466 1717 522 1762 de
541 1716 728 1778 tragoed.
750 1718 905 1763 Const.
932 1733 971 1761 c.
1002 1718 1051 1762 13
1069 1752 1080 1775 ,
1104 1718 1322 1762 universis
1339 1726 1486 1778 gratus
1505 1724 1549 1760 et
1564 1732 1635 1758 ac·

247 1830 261 1852 ¹
287 1829 341 1864 Ex
355 1829 461 1876 hujus
476 1829 627 1865 Nasonis
645 1828 789 1876 posteris
807 1829 876 1865 fuit
893 1829 1067 1865 Nasonius
1083 1829 1291 1864 Ambrosius
1305 1855 1314 1873 ,
1337 1828 1396 1874 qui
1414 1826 1640 1873 sepulchrum

208 1885 394 1921 Nasonum
409 1885 447 1921 in
464 1885 519 1920 via
535 1884 709 1920 Flaminia
728 1885 854 1921 Romae
876 1885 1004 1921 exstrui
1027 1886 1183 1930 curavit,
1208 1885 1236 1921 si
1257 1884 1433 1921 credimus
1453 1884 1511 1919 Jo.
1533 1884 1644 1918 Petro

206 1941 364 1978 Bellon-io
374 1969 384 1987 ,
395 1942 433 1978 in
445 1941 678 1988 descriptione
696 1941 773 1987 ejus
786 1940 982 1988 sepulchri,
998 1956 1016 1978 a
1030 1943 1140 1978 Petro
1156 1942 1286 1978 Sancto
1298 1941 1467 1977 Bai-tholo
1478 1939 1644 1976 delineati

209 2006 296 2035 tom.
315 2000 386 2035 ΧΠ
403 1999 577 2036 Thesauri
597 1998 720 2044 Antiq.
742 1999 895 2034 Roman.
914 2011 989 2045 pag.
1010 2001 1103 2043 1041.
1119 1998 1173 2033 M.
1191 1998 1325 2033 Actorii
1344 1997 1493 2033 Nasonis
1509 1998 1644 2032 mentfo

209 2055 301 2102 apud
320 2056 468 2092 Sueton.
487 2055 626 2091 Caesare
640 2082 649 2100 ,
669 2068 743 2107 cap.
760 2069 803 2104 93
829 2055 907 2090 Axii
926 2055 1074 2092 Nasonis
1105 2055 1196 2101 apud
1225 2054 1394 2090 carolum
1420 2053 1586 2089 Patinum
1607 2053 1645 2087 in

209 2123 322 2146 numo
335 2136 344 2154 ,
362 2123 439 2157 pag.
456 2111 500 2155 44
522 2109 628 2145 famil.
650 2110 757 2146 Rom.
774 2110 874 2145 Alius
895 2110 943 2156 Q
961 2109 1113 2146 Ovidius
1129 2137 1139 2154 ‚
1164 2110 1207 2145 ad
1231 2123 1337 2156 quem
1362 2108 1556 2151 Martialis,
1581 2108 1616 2143 X
1637 2133 1647 2151 ,

210 2167 265 2210 44.
284 2166 332 2201 At
351 2166 389 2201 in
410 2167 569 2201 versione
594 2166 703 2202 veteri
719 2167 866 2213 Josephi
883 2167 985 2202 initio
1002 2167 1058 2203 lib.
1077 2168 1151 2203 xl}
1171 2168 1290 2213 Antiq.
1312 2174 1348 2202 et
1374 2165 1463 2212 apud
1491 2163 1645 2199 Frecul-

209 2222 323 2269 phum
352 2235 418 2269 pro
449 2223 581 2259 Ovidio
612 2223 837 2259 Sabatareide
870 2223 1061 2270 legendum
1088 2222 1239 2259 Cnidius
1272 2221 1547 2269 Agatharchides
1559 2247 1568 2264 ,
1604 2228 1644 2255 ut

210 2279 372 2316 Meursio
401 2281 438 2315 in
470 2279 558 2316 Bibl.
587 2279 701 2316 Graec.
725 2293 802 2326 pag,
838 2293 921 2316 1200
935 2307 944 2324 ,
973 2281 1208 2316 observatum.
1243 2280 1362 2316 Ovidii
1389 2281 1456 2316 vita
1481 2278 1606 2324 scripta
1625 2291 1646 2312 a

210 2336 317 2372 Bono
334 2337 502 2372 Act-,ursio
512 2336 578 2371 suit
594 2336 631 2370 in
648 2335 738 2372 Bibl.
759 2336 804 2371 Is.
817 2336 945 2372 vossii.
960 2337 1067 2383 Apud
1086 2336 1267 2382 Capellam
1282 2363 1290 2381 ,
1310 2337 1367 2371 lib.
1385 2337 1501 2380 VIII,
1521 2348 1553 2381 p.
1567 2335 1643 2381 273,

212 2392 374 2437 Pelignus
376 2392 517 2437 juvenis
529 2418 537 2433 ,
565 2391 772 2437 intelligitur
786 2390 945 2426 Ovidius.

220 2475 223 2479 ι
257 2453 274 2472 ²
297 2451 450 2488 Ovidius
465 2451 508 2487 de
525 2464 561 2486 se
578 2451 635 2486 lib.
651 2451 667 2486 I
684 2451 728 2486 de
746 2451 920 2486 Remedio
939 2452 1080 2487 Amoris
1102 2460 1247 2488 extrem.
1270 2467 1287 2482 «
1309 2452 1466 2487 Tantum
1489 2465 1524 2487 se
1548 2452 1648 2487 nobis

215 2506 303 2553 elegi
322 2507 450 2543 debere
472 2507 653 2551 fatentur,
683 2507 871 2553 Quantum
890 2508 1038 2554 Virgilio
1060 2510 1175 2544 nobile
1198 2509 1302 2543 debet
1325 2522 1422 2555 opus.
1442 2525 1458 2539 υ
1480 2510 1648 2545 poemata

215 2562 306 2597 illius
334 2563 410 2608 ipso
438 2563 636 2597 etiamnum
665 2563 849 2608 superstite
877 2562 1054 2598 decantari
1082 2564 1181 2598 solita
1205 2564 1364 2599 observat
1391 2563 1579 2599 Salmasius
1605 2564 1649 2598 ad

215 2617 327 2654 Solin.
344 2631 421 2664 pag.
432 2618 509 2654 601.
524 2620 656 2653 Versus
674 2631 764 2653 unus
780 2617 901 2653 Ovidii
916 2619 1078 2654 omnium
1098 2619 1303 2654 durissimus
1318 2646 1328 2664 ‚
1342 2626 1377 2656 et
1389 2619 1503 2666 judice
1522 2620 1647 2655 Franc.

218 2673 412 2708 Vavassore
426 2699 436 2717 ,
452 2685 529 2719 pag.
546 2674 589 2709 38
604 2672 682 2708 libri
704 2672 747 2708 de
767 2672 1028 2719 Epigrammate
1039 2699 1050 2720 ,
1071 2674 1125 2710 vix
1137 2674 1353 2711 excusandus
1368 2701 1378 2719 ,
1405 2674 1461 2712 hic
1476 2681 1528 2710 cst
1545 2687 1553 2710 :
1579 2676 1648 2710 Vix

214 2734 484 2777 excusariposse
500 2732 587 2766 mibi
595 2732 720 2766 videor.
