1794 3100
752 181 921 227 IBIS.
1496 198 1548 243 19

115 283 180 332 Ut
201 279 292 329 duo
316 277 536 336 Phinidae,
563 276 731 344 quibus
753 275 872 324 idem
893 274 1044 326 lumen
1067 273 1252 333 ademit,

179 357 273 423 Qui
297 356 420 406 dedit
441 377 451 405 :
476 367 528 405 ut
548 356 804 422 Thamyrae,
831 353 1171 420 Demodocique
1194 364 1342 420 caput.

113 437 187 487 Sic
210 435 371 503 aliquis
391 446 467 484 tua
489 433 686 486 membra
710 443 847 490 secet,
873 433 1093 483 Saturnus
1117 444 1170 482 ut
1191 431 1292 481 illas

1486 444 1552 492 275

181 515 422 566 Subsecuit
441 526 615 583 partes,
641 513 759 563 unde
787 523 960 562 creatus
986 523 1108 561 erat:

113 597 207 646 Nec
230 594 314 644 tibi
337 593 397 643 sit
422 592 583 643 melior
605 591 790 642 tumidis
814 592 1058 658 Neptunus
1079 590 1127 639 in
1148 589 1310 650 undis,

180 674 330 739 Quam
354 671 426 721 cui
450 682 557 721 sunt
579 670 740 720 subitae
761 669 896 719 frater
920 681 964 719 et
985 688 1105 718 uxor·
1125 688 1251 727 aves;

117 751 386 819 Sollertique
408 750 503 798 viro
517 787 529 807 ,
554 748 703 799 lacerae
727 768 861 816 quem
885 747 1024 797 fracta
1047 758 1270 796 tenentem

182 831 387 881 Membra
408 829 515 878 ratis
538 826 735 877 Semeles
755 839 824 877 est
847 826 1052 886 miserata
1075 845 1214 875 soror.

116 907 200 958 Vel
223 920 322 967 tua,
346 925 402 956 ne
422 924 569 974 poenae-
590 924 728 968 genus
750 905 835 953 hoc
858 904 1117 968 cognoverit
1138 922 1281 963 unus,

182 986 366 1035 Viscera
386 982 572 1032 diversis
594 981 730 1031 scissa
750 982 951 1033 ferantur
974 982 1127 1049 equis:

119 1062 206 1113 Vel
231 1081 352 1130 quae,
378 1060 457 1128 qui
474 1059 632 1109 redimi
657 1061 864 1108 Romano
889 1071 1018 1126 turpe
1041 1059 1244 1126 putavit,

121 1187 225 1228 HJ..
237 1189 400 1225 Telemus.
418 1189 530 1224 Vates
542 1214 552 1232 ,
569 1188 630 1233 qui
649 1187 808 1233 praedixit

119 1243 346 1293 Polyphemo
361 1241 550 1287 aliquando
565 1240 730 1276 futurum
740 1266 750 1283 ,
767 1247 808 1275 ut

119 1297 154 1333 ei
165 1294 288 1332 oculus
299 1293 521 1331 effoderetur
537 1293 580 1328 ab
592 1292 730 1340 Ulysse.

166 1347 242 1395 ²73·
262 1348 311 1383 m
322 1349 389 1382 duo
401 1343 566 1386 mua.
591 1343 755 1380 Crambis
771 1349 809 1378 et

120 1400 304 1450 orythus,
322 1399 398 1437 duo
412 1398 542 1436 Phinei
557 1398 621 1436 filii
641 1412 682 1434 ex
697 1397 807 1433 Cleo-

121 1462 247 1502 patra,
267 1454 341 1491 vim
362 1453 563 1490 intulerunt
581 1452 653 1489 ldae
667 1478 677 1496 ‚
701 1465 808 1497 quam

122 1506 593 1553 Phineussuperinduxerat,
605 1504 713 1541 filiam
722 1505 809 1539 Dar-

122 1561 220 1606 dani,
232 1561 448 1610 Scytharum
456 1560 547 1607 regie
555 1572 564 1595 x
572 1572 641 1605 qua
652 1558 696 1593 de
707 1570 809 1593 causa

124 1614 287 1651 excecati
301 1627 322 1650 a
336 1620 437 1660 patre
449 1620 544 1649 suut.

169 1669 246 1714 ²74·
268 1669 451 1714 Thamyran
470 1665 578 1703 Filius
595 1664 812 1701 Philammo-

123 1719 181 1759 nis
194 1727 232 1756 et
245 1719 417 1767 Argiopes
428 1718 624 1767 Nymphae,
640 1725 676 1753 et
686 1731 709 1752 a
719 1718 810 1752 Lino

124 1775 296 1812 musicam
312 1773 468 1810 edoctus.
487 1773 629 1809 Dicitur
642 1772 684 1807 ab
699 1772 811 1806 Hom.

126 1827 320 1876 Thamyris
340 1833 442 1872 aptus
467 1825 512 1862 ad
538 1825 659 1872 lyram*
672 1831 709 1859 et
734 1837 811 1859 car-

125 1879 399 1925 mommsen-ibit
406 1878 511 1914 Diod.
523 1876 660 1914 Claruit
666 1877 811 1921 musica,

130 1932 219 1969 adeo
228 1940 269 1970 ut
279 1946 321 1969 ex
333 1931 497 1968 OEchalie
507 1930 743 1977 Peloponnesi
754 1944 813 1964 ve-

130 1982 234 2020 niens
248 2010 260 2028 ,
285 1984 408 2023 Musas
423 1984 549 2030 quibus
568 1983 722 2019 occurrit
738 2009 748 2027 ‚
774 1983 812 2016 in

130 2043 312 2073 certamen
338 2038 581 2084 provocaverit
597 2064 606 2081 ,
637 2050 658 2071 a
687 2037 813 2082 quibus

132 2097 321 2126 excecatus
330 2097 392 2125 est.
404 2108 450 2118 -··
458 2092 716 2135 Demodocique.
730 2089 815 2123 Duo

131 2150 296 2179 cantores
310 2149 394 2178 sunt
409 2142 505 2188 apud
519 2144 628 2178 Hom.
644 2142 815 2178 Phemius

131 2197 172 2231 in
186 2194 349 2231 convivio
365 2207 553 2240 procorum
564 2223 576 2239 ,
589 2195 815 2232 Demodocus

132 2249 172 2284 in
187 2247 351 2284 convivio
365 2247 504 2283 Alcinoi
514 2260 523 2282 :
533 2249 633 2294 cuius
645 2249 815 2284 musicam

132 2300 253 2338 laudat
284 2301 394 2336 Hom.
421 2300 532 2336 Hunc
558 2313 689 2336 caecum
717 2301 816 2336 valde

134 2347 241 2390 Musa
256 2352 376 2391 dilexit
386 2379 395 2396 ,
412 2352 510 2387 dedit
525 2352 728 2398 bonumque
744 2367 818 2388 ma—

133 2406 279 2452 lumque
300 2420 309 2447 3
341 2405 450 2441 oculis
476 2406 619 2451 quidem
650 2405 818 2450 privavit,

135 2458 198 2495 sed
212 2465 356 2494 cantum
374 2458 472 2493 dedit
490 2459 743 2493 suavissimum.

184 2525 260 2557 ²77·
278 2514 350 2547 Nec
367 2515 435 2547 tibi
443 2516 500 2547 sit.
522 2511 629 2559 Caeyx
646 2512 820 2559 Alcyones

134 2566 270 2611 ‘conjux
285 2591 296 2609 ‚
317 2577 428 2611 quum
455 2565 498 2600 ad
519 2564 701 2600 oraculum
722 2564 823 2599 navi-

138 2625 251 2664 gasset
267 2644 278 2662 ‚
301 2617 394 2654 facto
418 2617 601 2663 naufragio
621 2618 822 2652 submersus

139 2677 193 2706 est
210 2685 220 2713 ;
253 2671 353 2716 cujus
377 2670 429 2706 rei
453 2671 573 2706 dolore
603 2672 759 2718 Alcyone
785 2682 822 2704 m

139 2733 240 2757 avem
249 2734 417 2759 conversa
425 2730 477 2759 est
487 2722 542 2758 sui
554 2722 708 2758 nominis
718 2738 725 2766 ;
745 2722 823 2758 vide

875 1187 984 1223 Ovid.
1003 1187 1094 1222 Met.
1114 1187 1172 1222 lib.
1190 1187 1264 1231 XI,
1284 1200 1374 1222 vers.
1401 1190 1461 1233 741
1487 1200 1563 1234 sqq.

920 1241 995 1285 278.
1013 1241 1134 1274 Frater
1146 1247 1211 1275 etc.
1222 1239 1421 1284 Daedalion,
1440 1239 1564 1289 Caycis

872 1290 994 1335 frater,
1013 1291 1122 1326 filiam
1142 1291 1264 1327 habuit
1285 1293 1432 1327 nomine
1451 1292 1565 1328 Chio-

873 1356 978 1388 nem,
989 1343 1280 1379 formosissimam
1295 1371 1304 1388 ,
1318 1357 1424 1390 quam
1436 1345 1565 1391 Apollo

875 1406 911 1433 et
927 1399 1130 1434 Mercurius
1146 1412 1386 1444 compressere
1401 1425 1410 1441 ,
1434 1407 1469 1434 et
1488 1400 1564 1435 nati

875 1460 958 1489 sunt
987 1453 1138 1500 gemelli.
1163 1453 1317 1500 Apollini
1340 1453 1531 1490 Philamon
1551 1482 1561 1499 ,

875 1506 936 1552 qui
949 1506 1080 1541 musica
1091 1505 1234 1549 claruit,
1247 1514 1384 1552 patrem
1397 1507 1565 1544 imitatus.

877 1560 1072 1609 Autolycus
1086 1568 1204 1595 autem
1218 1560 1400 1596 Mercurio
1410 1588 1419 1605 ,
1434 1561 1495 1596 fur
1506 1575 1567 1597 no-

875 1612 963 1649 bilis.
993 1614 1104 1649 Suam
1127 1614 1297 1660 praeferre
1321 1613 1463 1649 Chione
1489 1614 1567 1648 for-

876 1681 974 1702 mam
991 1668 1116 1703 Dianae
1131 1680 1212 1703 ausa
1228 1674 1302 1710 est,
1324 1681 1343 1702 a
1359 1681 1428 1714 qua
1445 1675 1497 1703 est
1514 1682 1566 1703 sa-

877 1722 970 1768 gittis
988 1721 1212 1766 interempta.
1241 1721 1354 1767 Cujus
1377 1721 1415 1756 in
1437 1735 1566 1768 rogum

876 1782 978 1821 pater
992 1773 1174 1809 Daedalion
1188 1787 1260 1819 prae
1272 1773 1393 1809 dolore
1404 1788 1440 1809 se
1453 1775 1568 1809 voluit

877 1828 1070 1863 immittere
1090 1840 1097 1862 :
1117 1834 1151 1862 at
1171 1827 1366 1871 prohibitus
1384 1854 1393 1870 ,
1417 1828 1454 1861 in
1475 1829 1566 1863 Par-

877 1893 1019 1915 nassum
1035 1887 1197 1914 montem
1210 1879 1314 1921 abiit3
1337 1879 1431 1914 unde
1454 1893 1566 1926 quum

878 1947 914 1969 se
936 1933 1150 1979 praecipitem
1165 1931 1375 1975 dedisset,in
1386 1932 1567 1968 volucrem

879 1987 921 2021 ab
940 1985 1104 2032 Apolline
1122 1992 1175 2020 est
1191 1992 1356 2020 mutatus.

924 2039 1000 2073 280.
1027 2040 1172 2072 Semeles
1199 2045 1254 2072 est
1277 2042 1437 2073 miserata
1462 2052 1568 2073 soror.

882 2090 1230 2127 CadmoThebarum
1241 2091 1417 2126 conditori
1428 2105 1468 2126 ex
1476 2092 1570 2126 Har-

880 2144 1021 2186 monia,
1033 2143 1186 2178 Veneris
1202 2150 1238 2178 et
1253 2144 1380 2179 Martis
1397 2143 1486 2188 fitia,
1505 2157 1571 2179 na-

880 2204 924 2232 1ae
934 2203 1018 2230 sunt
1035 2196 1154 2242 Agave
1167 2223 1176 2240 ‚
1201 2195 1367 2231 Autonoe
1382 2223 1392 2240 ,
1413 2198 1479 2232 Ino
1495 2223 1504 2239 ,
1534 2203 1570 2232 et

883 2249 1024 2284 Semele
1038 2276 1047 2293 ‚
1067 2257 1103 2284 et
1113 2249 1322 2297 Polydorus.
1343 2249 1568 2293 Athamanti,

882 2301 980 2336 AEoli
1012 2302 1085 2336 filio
1098 2328 1107 2345 ,
1135 2301 1342 2336 Thebarum
1370 2301 1443 2346 regi
1463 2328 1472 2344 ‚
1502 2302 1569 2337 Ino

883 2355 1002 2400 nupsit
1015 2381 1024 2397 ‚
1043 2367 1122 2399 quae
1138 2353 1354 2389 Clearchum
1371 2354 1492 2398 genuit
1505 2381 1515 2397 ‚
1535 2361 1571 2388 et

883 2406 1107 2441 Melicertam
1117 2433 1127 2449 ‚
1143 2406 1202 2452 qui
1214 2406 1368 2441 Junonis
1378 2405 1460 2440 odio
1474 2405 1570 2440 haud

885 2458 946 2493 diu
962 2458 1089 2492 vixere.

930 2511 1004 2545 283.
1030 2513 1095 2545 Vel
1106 2523 1177 2555 qua·
1190 2537 1200 2553 ‚
1219 2513 1280 2555 qui
1290 2512 1416 2545 redimi.
1428 2510 1572 2545 Attitius

887 2563 1044 2609 Regulus
1056 2589 1064 2606 ,
1076 2563 1135 2607 qui
1146 2570 1266 2608 captus
1280 2564 1434 2608 patribus
1445 2564 1551 2598 suasit
1560 2589 1570 2607 ‚

888 2628 933 2650 ne
959 2616 1177 2660 captivorum
1207 2618 1421 2661 permutatio
1444 2617 1546 2651 fieret
1566 2629 1575 2651 :

887 2668 1081 2714 maluitque
1109 2669 1152 2703 ad
1180 2677 1342 2715 paratum
1364 2669 1573 2715 supplicium

888 2723 1040 2767 reverti,
1062 2735 1169 2768 quam
1195 2723 1311 2758 vivere
1337 2723 1469 2758 inutilis
1491 2722 1574 2758 rivis
