1794 3100
260 271 347 331 ²94
703 267 1232 312 DEDICATIONES

257 363 479 413 Remediis
502 363 564 411 ait
590 383 600 409 ε
639 384 660 404 «
687 360 863 409 Blanda
886 360 1164 427 pharetratos
1187 358 1348 422 elegeia
1383 370 1529 411 cantet
1555 373 1675 410 amo*

262 466 283 485 »
312 460 397 491 res.
423 464 444 484 »
471 443 523 488 In
546 438 678 502 elegis
696 437 939 487 scribendis
961 437 1076 503 apud
1107 437 1285 485 Graecos
1315 436 1675 500 (atdeignobi—

254 518 441 566 lioribus
461 516 657 575 taceam)
680 514 926 563 floruerunt
948 512 1241 561 Callimachus
1255 550 1266 569 ‚
1295 512 1371 578 qui
1390 512 1442 561 in.
1456 511 1543 561 hoc
1560 513 1675 562 scri-e

254 593 390 641 bendi
409 611 562 655 genere
580 591 784 657 princeps
803 589 980 638 habitus
1000 601 1088 645 est3
1117 600 1160 637 ct
1177 588 1371 637 Philetas
1384 625 1395 646 ‚
1418 589 1495 654 qui
1508 595 1675 639 ‘seeun—

256 672 331 720 das
376 690 595 719 consensu
630 658 923 735 plurimorum
961 667 1205 734 occupavit.
1241 668 1341 715 *Hos
1374 685 1419 715 se
1457 667 1674 717 imitatum

252 750 410 807 fuisse,
433 748 715 814 Propertius,
736 746 813 794 lib.
833 747 899 793 III
916 783 926 803 ‚
943 746 1014 794 his
1027 745 1294 793 carminibus
1309 745 1472 793 fatetur
1492 766 1502 793 :
1527 767 1549 791 «
1574 744 1674 795 Cal·

258 849 279 868 n
306 826 482 874 limaehi
497 845 645 874 manes
661 864 671 882 ,
697 836 740 873 et
759 824 838 872 Coi
857 841 976 872 sacra
993 823 1174 871 Philetae
1186 860 1198 880 ‚
1216 824 1268 870 Iu
1287 834 1491 879 vestrum,
1509 841 1672 888 quaeso,

257 920 280 944 ⁵>
310 921 378 951 me
400 902 530 950 sinite
552 901 614 949 ire
634 919 800 948 nemus.
835 921 857 942 »
894 899 1024 947 Unde
1047 898 1175 946 etiam
1200 916 1244 945 se
1268 897 1675 946 Romanum-Calli—

253 980 456 1028 machum
473 978 675 1046 adpellat.
696 981 816 1027 Naso
835 997 1036 1043 quoque,
1054 977 1178 1042 quasi
1199 975 1461 1024 Callimachi
1473 976 1673 1034 mulus,

250 1058 296 1105 in
318 1058 587 1116 Amoribus,
614 1055 761 1123 inquit
786 1076 795 1103 ε
821 1079 842 1098 «
868 1057 976 1112 Est,
1000 1073 1096 1120 quae
1119 1053 1487 1120 Callimachi'prae
1510 1053 1675 1116 nostris

254 1156 278 1175 »
305 1134 467 1182 rustica
482 1133 599 1181 dicat
609 1133 825 1181 Carmina.
852 1155 872 1174 »
893 1130 1094 1180 Catullus
1109 1131 1237 1179 etiam
1256 1150 1300 1195 se
1316 1129 1572 1178 Callimachi
1588 1141 1675 1180 stu·

251 1211 421 1259 diosum
441 1211 635 1259 ostendit
649 1248 661 1268 ‚
680 1211 731 1258 ad
746 1210 959 1258 Ortalum
982 1210 1042 1272 ita
1061 1209 1285 1257 scribens:
1309 1222 1339 1250 «·v
1354 1206 1442 1255 Sed
1459 1212 1606 1273 tamen
1625 1206 1673 1255 in

252 1312 277 1333 »
304 1290 437 1339 tantis
454 1290 716 1338 moerorihus
732 1327 744 1347 ‚
758 1289 944 1345 ‘Ortale‚
968 1289 1098 1336 mitto
1123 1289 1231 1347 Haee
1248 1305 1449 1353 expressa
1473 1286 1557 1337 tibi
1579 1289 1671 1333 car-

255 1390 278 1410 »
305 1368 424 1416 mina
446 1368 670 1416 Battiadae.
696 1389 718 1409 »
739 1368 833 1415 Nec⁴
849 1366 1117 1428 ineleganter
1135 1364 1293 1426 elegias
1314 1362 1540 1429 scripsisse
1555 1362 1673 1427 exis—

246 1445 426 1494 timatur
445 1445 723 1512 Euphorion.
762 1444 896 1510 Apud
932 1443 1115 1491 Latinos
1150 1460 1278 1498 vem,
1305 1441 1421 1488 inter
1454 1439 1671 1503 elegiacos

247 1535 402 1589 poetas
437 1523 622 1571 maxime
656 1521 846 1570 celebres
870 1521 1072 1576 fuerunt,
1100 1518 1322 1575 Catullus,
1347 1518 1530 1575 Calvus,
1556 1518 1669 1566 Cor-

247 1600 390 1649 nelius
412 1600 563 1649 Gallus
579 1638 590 1658 ‚
615 1599 873 1665 Propertius
890 1635 901 1654 ,
926 1597 1137 1646 Tibullus
1157 1609 1200 1645 et
1219 1596 1421 1644 Ovidius.
1446 1596 1533 1644 Sed
1546 1595 1670 1644 Calvi

246 1692 289 1729 et
309 1679 425 1728 Galli
441 1679 562 1728 nulla
573 1690 745 1727 exstant
758 1697 905 1745 opera.
929 1676 1304 1734 Tibullus-‚Fabii
1320 1675 1506 1741 judicio,
1527 1687 1670 1724 tersus

247 1768 292 1804 et
315 1756 491 1818 elegans
513 1767 689 1811 auctor,
714 1754 862 1817 elegiae
884 1754 1104 1820 princeps.
1141 1753 1255 1801 Sunt
1285 1752 1361 1818 qui
1387 1751 1668 1818 Propertium

244 1831 412 1880 malint.
439 1831 629 1879 Ovidius
652 1843 843 1919 utroque
865 1830 1068 1879 lascivior
1086 1867 1098 1886 ‚
1126 1829 1201 1877 sed
1223 1828 1408 1879 maxime
1439 1838 1668 1881 emunctus

247 1920 290 1956 et
310 1909 603 1975 perspicuus:
623 1909 700 1975 qui
720 1908 880 1957 mirum
902 1909 947 1956 in
974 1907 1166 1955 modum
1178 1907 1264 1954 boc
1285 1904 1506 1954 scribendi
1529 1923 1667 1967 genus

245 1985 493 2043 decoravit,
520 1998 571 2034 ut
591 2006 682 2034 non
705 1984 922 2034 immerito
940 1986 1042 2052 ipse
1066 1984 1120 2032 de
1142 2003 1187 2032 se
1211 1983 1414 2031 dixerit:
1428 2005 1451 2026 «
1471 1984 1664 2045 Tantum

246 2084 269 2105 2>
293 2081 338 2110 se
361 2061 493 2110 nobis
515 2061 625 2124 elegi
646 2062 801 2110 debere
821 2061 1032 2118 fatentur,
1054 2062 1285 2124 Quantum
1302 2057 1490 2121 Virgilio
1508 2043 1662 2106 nobile

247 2141 429 2189 »debet
451 2159 623 2207 opus.»
611 2140 767 2189 ›Illud
790 2152 995 2206 tanquam
1018 2138 1306 2187 corollarium
1316 2157 1398 2186 nos
1410 2137 1662 2203 adjunxisse

242 2217 394 2274 libuit,
416 2217 621 2266 Sacadam
643 2217 873 2282 quemdam
892 2217 1078 2279 Argium
1102 2217 1293 2282 primum
1315 2215 1473 2278 elegias
1491 2215 1548 2264 ad
1563 2234 1662 2263 mu-

243 2295 357 2343 sicos
377 2295 609 2361 rhythmos
635 2313 786 2342 canere
808 2294 1051 2342 instituisse
1054 2331 1176 2341 .....

763 2408 1138 2423 mmmmm

449 2522 506 2567 H.
545 2521 874 2577 clorANI,
910 2492 1450 2576 SULMONENsls‚

240 2641 432 2677 OVIDII
462 2642 777 2685 DEFENSIO,
803 2643 874 2698 ET⁴
901 2641 1463 2677 METAMORPHOSEON
1496 2639 1658 2674 LAUS.

302 2754 531 2819 QUIDAM,
554 2773 691 2821 quum
709 2754 839 2802 sciret
861 2766 1033 2820 poetam
1057 2755 1175 2803 hunc
1196 2765 1505 2809 nostrumesse
1526 2751 1655 2800 fabu-
