<?xml version="1.0" encoding="UTF-8"?>
<!DOCTYPE html PUBLIC "-//W3C//DTD XHTML 1.0 Transitional//EN"
    "http://www.w3.org/TR/xhtml1/DTD/xhtml1-transitional.dtd">
<html xmlns="http://www.w3.org/1999/xhtml" xml:lang="en" lang="en">
 <head>
  <title>
</title>
<meta http-equiv="Content-Type" content="text/html;charset=utf-8" />
  <meta name='ocr-system' content='tesseract 3.04.00' />
  <meta name='ocr-capabilities' content='ocr_page ocr_carea ocr_par ocr_line ocrx_word'/>
</head>
<body>
  <div class='ocr_page' id='page_1' title='image "./quaeextantomniao08oviduoft_0259.png"; bbox 0 0 1794 3100; ppageno 0'>
   <div class='ocr_carea' id='block_1_1' title="bbox 427 168 1565 253">
    <p class='ocr_par' dir='ltr' id='par_1_1' title="bbox 427 168 1565 253">
     <span class='ocr_line' id='line_1_1' title="bbox 427 168 1565 253; baseline -0.005 -12"><span class='ocrx_word' id='word_1_1' title='bbox 427 168 872 241; x_wconf 75' lang='lat' dir='ltr'><strong>DESCRIPTIO</strong></span> <span class='ocrx_word' id='word_1_2' title='bbox 906 193 1287 238; x_wconf 75' lang='lat' dir='ltr'><strong>sULMoMs,</strong></span> <span class='ocrx_word' id='word_1_3' title='bbox 1475 191 1565 253; x_wconf 76' lang='lat'><strong>249</strong></span> 
     </span>
    </p>
   </div>
   <div class='ocr_carea' id='block_1_2' title="bbox 133 287 1596 2456">
    <p class='ocr_par' dir='ltr' id='par_1_2' title="bbox 133 287 1596 2456">
     <span class='ocr_line' id='line_1_2' title="bbox 133 287 1566 358; baseline -0.004 -18"><span class='ocrx_word' id='word_1_4' title='bbox 133 289 280 358; x_wconf 84' lang='lat' dir='ltr'><strong>lapide</strong></span> <span class='ocrx_word' id='word_1_5' title='bbox 294 299 464 338; x_wconf 89' lang='lat' dir='ltr'><strong>structo</strong></span> <span class='ocrx_word' id='word_1_6' title='bbox 484 307 607 355; x_wconf 90' lang='lat' dir='ltr'><strong>aquae</strong></span> <span class='ocrx_word' id='word_1_7' title='bbox 628 287 788 346; x_wconf 86' lang='lat' dir='ltr'><strong>ductu,</strong></span> <span class='ocrx_word' id='word_1_8' title='bbox 808 305 979 335; x_wconf 85' lang='lat' dir='ltr'><strong>summo</strong></span> <span class='ocrx_word' id='word_1_9' title='bbox 1002 297 1260 335; x_wconf 87' lang='lat' dir='ltr'><strong>ornamento</strong></span> <span class='ocrx_word' id='word_1_10' title='bbox 1276 322 1288 342; x_wconf 89' lang='lat'>‚</span> <span class='ocrx_word' id='word_1_11' title='bbox 1310 303 1566 352; x_wconf 90' lang='lat' dir='ltr'><strong>summaque</strong></span> 
     </span>
     <span class='ocr_line' id='line_1_3' title="bbox 135 361 1568 432; baseline -0.006 -14"><span class='ocrx_word' id='word_1_12' title='bbox 135 365 446 418; x_wconf 77' lang='lat' dir='ltr'><strong>commoditate</strong></span> <span class='ocrx_word' id='word_1_13' title='bbox 464 384 542 432; x_wconf 90' lang='lat' dir='ltr'><strong>per</strong></span> <span class='ocrx_word' id='word_1_14' title='bbox 565 364 753 413; x_wconf 86' lang='lat' dir='ltr'><strong>mediam</strong></span> <span class='ocrx_word' id='word_1_15' title='bbox 776 363 932 412; x_wconf 89' lang='lat' dir='ltr'><strong>urbem</strong></span> <span class='ocrx_word' id='word_1_16' title='bbox 954 361 1120 411; x_wconf 79' lang='lat' dir='ltr'>labitur</span> <span class='ocrx_word' id='word_1_17' title='bbox 1135 399 1146 420; x_wconf 88' lang='lat'><strong>‚</strong></span> <span class='ocrx_word' id='word_1_18' title='bbox 1174 379 1262 428; x_wconf 91' lang='lat' dir='ltr'><strong>qua</strong></span> <span class='ocrx_word' id='word_1_19' title='bbox 1286 372 1330 409; x_wconf 90' lang='lat' dir='ltr'><strong>et</strong></span> <span class='ocrx_word' id='word_1_20' title='bbox 1347 362 1393 408; x_wconf 88' lang='lat' dir='ltr'><strong>in</strong></span> <span class='ocrx_word' id='word_1_21' title='bbox 1422 362 1568 411; x_wconf 87' lang='lat' dir='ltr'><strong>hortis</strong></span> 
     </span>
     <span class='ocr_line' id='line_1_4' title="bbox 135 438 1568 510; baseline -0.006 -16"><span class='ocrx_word' id='word_1_22' title='bbox 135 456 179 494; x_wconf 88' lang='lat' dir='ltr'><strong>et</strong></span> <span class='ocrx_word' id='word_1_23' title='bbox 195 442 360 510; x_wconf 83' lang='lat' dir='ltr'><strong>campis</strong></span> <span class='ocrx_word' id='word_1_24' title='bbox 382 442 578 505; x_wconf 78' lang='lat' dir='ltr'>rigandis</span> <span class='ocrx_word' id='word_1_25' title='bbox 600 453 790 490; x_wconf 87' lang='lat' dir='ltr'><strong>utuntur</strong></span> <span class='ocrx_word' id='word_1_26' title='bbox 811 440 986 500; x_wconf 87' lang='lat' dir='ltr'><strong>coloni)</strong></span> <span class='ocrx_word' id='word_1_27' title='bbox 1010 439 1119 492; x_wconf 90' lang='lat' dir='ltr'><strong>alter</strong></span> <span class='ocrx_word' id='word_1_28' title='bbox 1142 457 1244 487; x_wconf 90' lang='lat' dir='ltr'><strong>vero</strong></span> <span class='ocrx_word' id='word_1_29' title='bbox 1259 475 1270 497; x_wconf 84' lang='lat'><strong><em>,</em></strong></span> <span class='ocrx_word' id='word_1_30' title='bbox 1305 457 1437 504; x_wconf 92' lang='lat' dir='ltr'><strong>quem</strong></span> <span class='ocrx_word' id='word_1_31' title='bbox 1466 438 1568 486; x_wconf 67' lang='lat' dir='ltr'><strong>Vel-</strong></span> 
     </span>
     <span class='ocr_line' id='line_1_5' title="bbox 135 516 1570 584; baseline -0.004 -15"><span class='ocrx_word' id='word_1_32' title='bbox 135 521 223 570; x_wconf 89' lang='lat' dir='ltr'><strong>lam</strong></span> <span class='ocrx_word' id='word_1_33' title='bbox 245 519 454 578; x_wconf 85' lang='lat' dir='ltr'><strong>dicimus,</strong></span> <span class='ocrx_word' id='word_1_34' title='bbox 478 539 502 567; x_wconf 94' lang='lat' dir='ltr'><strong>a</strong></span> <span class='ocrx_word' id='word_1_35' title='bbox 527 517 731 584; x_wconf 85' lang='lat' dir='ltr'><strong>Majella‚</strong></span> <span class='ocrx_word' id='word_1_36' title='bbox 755 530 807 566; x_wconf 90' lang='lat' dir='ltr'><strong>ut</strong></span> <span class='ocrx_word' id='word_1_37' title='bbox 830 536 946 566; x_wconf 88' lang='lat' dir='ltr'><strong>nunc</strong></span> <span class='ocrx_word' id='word_1_38' title='bbox 970 516 1221 583; x_wconf 88' lang='lat' dir='ltr'><strong>loquimur,</strong></span> <span class='ocrx_word' id='word_1_39' title='bbox 1246 516 1443 564; x_wconf 89' lang='lat' dir='ltr'><strong>omnium</strong></span> <span class='ocrx_word' id='word_1_40' title='bbox 1461 535 1570 564; x_wconf 89' lang='lat' dir='ltr'><strong>nos-</strong></span> 
     </span>
     <span class='ocr_line' id='line_1_6' title="bbox 138 593 1573 661; baseline -0.004 -12"><span class='ocrx_word' id='word_1_41' title='bbox 138 612 307 649; x_wconf 90' lang='lat' dir='ltr'><strong>trorum</strong></span> <span class='ocrx_word' id='word_1_42' title='bbox 331 597 551 645; x_wconf 90' lang='lat' dir='ltr'><strong>montium</strong></span> <span class='ocrx_word' id='word_1_43' title='bbox 573 595 816 653; x_wconf 88' lang='lat' dir='ltr'><strong>altissimo,</strong></span> <span class='ocrx_word' id='word_1_44' title='bbox 845 596 961 653; x_wconf 87' lang='lat' dir='ltr'><strong>exit;</strong></span> <span class='ocrx_word' id='word_1_45' title='bbox 988 606 1141 661; x_wconf 91' lang='lat' dir='ltr'><strong>estque</strong></span> <span class='ocrx_word' id='word_1_46' title='bbox 1173 594 1217 641; x_wconf 89' lang='lat' dir='ltr'><strong>in</strong></span> <span class='ocrx_word' id='word_1_47' title='bbox 1252 606 1406 660; x_wconf 86' lang='lat' dir='ltr'><strong>quarta</strong></span> <span class='ocrx_word' id='word_1_48' title='bbox 1437 593 1573 643; x_wconf 82' lang='lat' dir='ltr'><strong>Italiae</strong></span> 
     </span>
     <span class='ocr_line' id='line_1_7' title="bbox 136 671 1575 740; baseline -0.004 -15"><span class='ocrx_word' id='word_1_49' title='bbox 136 676 338 740; x_wconf 85' lang='lat' dir='ltr'>regione,</span> <span class='ocrx_word' id='word_1_50' title='bbox 355 685 462 723; x_wconf 90' lang='lat' dir='ltr'><strong>teste</strong></span> <span class='ocrx_word' id='word_1_51' title='bbox 476 673 622 721; x_wconf 81' lang='lat' dir='ltr'>Plinio</span> <span class='ocrx_word' id='word_1_52' title='bbox 636 711 648 731; x_wconf 88' lang='lat'>‚</span> <span class='ocrx_word' id='word_1_53' title='bbox 664 685 797 740; x_wconf 91' lang='lat' dir='ltr'><strong>atque</strong></span> <span class='ocrx_word' id='word_1_54' title='bbox 808 674 854 720; x_wconf 90' lang='lat' dir='ltr'><strong>in</strong></span> <span class='ocrx_word' id='word_1_55' title='bbox 871 672 1089 735; x_wconf 80' lang='lat' dir='ltr'><strong>Pelignis3</strong></span> <span class='ocrx_word' id='word_1_56' title='bbox 1107 671 1262 736; x_wconf 89' lang='lat' dir='ltr'><strong>(vulgo</strong></span> <span class='ocrx_word' id='word_1_57' title='bbox 1282 690 1399 719; x_wconf 90' lang='lat' dir='ltr'><strong>nunc</strong></span> <span class='ocrx_word' id='word_1_58' title='bbox 1418 671 1575 733; x_wconf 74' lang='lat' dir='ltr'><strong>valva)</strong></span> 
     </span>
     <span class='ocr_line' id='line_1_8' title="bbox 140 749 1579 820; baseline -0.002 -19"><span class='ocrx_word' id='word_1_59' title='bbox 140 753 217 820; x_wconf 84' lang='lat' dir='ltr'><strong>qui</strong></span> <span class='ocrx_word' id='word_1_60' title='bbox 231 753 287 802; x_wconf 91' lang='lat' dir='ltr'><strong>ab</strong></span> <span class='ocrx_word' id='word_1_61' title='bbox 302 752 485 802; x_wconf 82' lang='lat' dir='ltr'>Oriente</span> <span class='ocrx_word' id='word_1_62' title='bbox 500 751 636 799; x_wconf 88' lang='lat' dir='ltr'><strong>habet</strong></span> <span class='ocrx_word' id='word_1_63' title='bbox 647 752 905 810; x_wconf 85' lang='lat' dir='ltr'><strong>Frentanos;</strong></span> <span class='ocrx_word' id='word_1_64' title='bbox 921 771 944 799; x_wconf 89' lang='lat' dir='ltr'><strong>a</strong></span> <span class='ocrx_word' id='word_1_65' title='bbox 955 749 1141 799; x_wconf 79' lang='lat' dir='ltr'>Meridie</span> <span class='ocrx_word' id='word_1_66' title='bbox 1156 749 1374 798; x_wconf 87' lang='lat' dir='ltr'><strong>Samnites</strong></span> <span class='ocrx_word' id='word_1_67' title='bbox 1388 761 1432 797; x_wconf 87' lang='lat' dir='ltr'><strong>et</strong></span> <span class='ocrx_word' id='word_1_68' title='bbox 1448 750 1579 798; x_wconf 92' lang='lat' dir='ltr'><strong>Cam-</strong></span> 
     </span>
     <span class='ocr_line' id='line_1_9' title="bbox 139 828 1579 900; baseline -0.002 -19"><span class='ocrx_word' id='word_1_69' title='bbox 139 852 281 900; x_wconf 85' lang='lat' dir='ltr'><strong>panos</strong></span> <span class='ocrx_word' id='word_1_70' title='bbox 299 852 310 890; x_wconf 79' lang='lat'><em>3</em></span> <span class='ocrx_word' id='word_1_71' title='bbox 329 832 384 879; x_wconf 91' lang='lat' dir='ltr'><strong>ab</strong></span> <span class='ocrx_word' id='word_1_72' title='bbox 410 833 583 880; x_wconf 83' lang='lat' dir='ltr'>Occasu</span> <span class='ocrx_word' id='word_1_73' title='bbox 603 831 782 880; x_wconf 87' lang='lat' dir='ltr'><strong>Marsos</strong></span> <span class='ocrx_word' id='word_1_74' title='bbox 803 850 813 888; x_wconf 94' lang='lat'>;</span> <span class='ocrx_word' id='word_1_75' title='bbox 838 850 861 878; x_wconf 90' lang='lat' dir='ltr'><strong>a</strong></span> <span class='ocrx_word' id='word_1_76' title='bbox 891 830 1212 896; x_wconf 87' lang='lat' dir='ltr'><strong>Septemtrione</strong></span> <span class='ocrx_word' id='word_1_77' title='bbox 1233 828 1515 877; x_wconf 78' lang='lat' dir='ltr'><strong>Marrucinos</strong></span> <span class='ocrx_word' id='word_1_78' title='bbox 1534 841 1579 878; x_wconf 89' lang='lat' dir='ltr'><strong>et</strong></span> 
     </span>
     <span class='ocr_line' id='line_1_10' title="bbox 140 906 1575 974; baseline -0.003 -15"><span class='ocrx_word' id='word_1_79' title='bbox 140 910 366 959; x_wconf 86' lang='lat' dir='ltr'><strong>Vestinos.</strong></span> <span class='ocrx_word' id='word_1_80' title='bbox 391 909 500 974; x_wconf 88' lang='lat' dir='ltr'><strong>Ejus</strong></span> <span class='ocrx_word' id='word_1_81' title='bbox 525 908 717 957; x_wconf 82' lang='lat' dir='ltr'><strong>ambitus</strong></span> <span class='ocrx_word' id='word_1_82' title='bbox 738 909 794 957; x_wconf 85' lang='lat' dir='ltr'><strong>ad</strong></span> <span class='ocrx_word' id='word_1_83' title='bbox 816 907 935 956; x_wconf 89' lang='lat' dir='ltr'><strong>mille</strong></span> <span class='ocrx_word' id='word_1_84' title='bbox 959 926 1140 974; x_wconf 88' lang='lat' dir='ltr'><strong>passus,</strong></span> <span class='ocrx_word' id='word_1_85' title='bbox 1169 925 1308 973; x_wconf 90' lang='lat' dir='ltr'><strong>eoque</strong></span> <span class='ocrx_word' id='word_1_86' title='bbox 1329 906 1459 955; x_wconf 91' lang='lat' dir='ltr'><strong>etiam</strong></span> <span class='ocrx_word' id='word_1_87' title='bbox 1483 927 1575 955; x_wconf 90' lang='lat' dir='ltr'><strong>am-</strong></span> 
     </span>
     <span class='ocr_line' id='line_1_11' title="bbox 142 986 1580 1058; baseline -0.001 -20"><span class='ocrx_word' id='word_1_88' title='bbox 142 989 263 1058; x_wconf 87' lang='lat' dir='ltr'><strong>plius</strong></span> <span class='ocrx_word' id='word_1_89' title='bbox 278 988 523 1056; x_wconf 79' lang='lat' dir='ltr'><strong>porrigitur</strong></span> <span class='ocrx_word' id='word_1_90' title='bbox 544 999 708 1054; x_wconf 89' lang='lat' dir='ltr'><strong>:portae</strong></span> <span class='ocrx_word' id='word_1_91' title='bbox 723 986 912 1055; x_wconf 83' lang='lat' dir='ltr'><strong>publicae</strong></span> <span class='ocrx_word' id='word_1_92' title='bbox 929 987 1158 1054; x_wconf 81' lang='lat' dir='ltr'><strong>praecipuae</strong></span> <span class='ocrx_word' id='word_1_93' title='bbox 1176 998 1276 1035; x_wconf 89' lang='lat' dir='ltr'><strong>octo</strong></span> <span class='ocrx_word' id='word_1_94' title='bbox 1295 998 1422 1044; x_wconf 90' lang='lat' dir='ltr'><strong>sunt;</strong></span> <span class='ocrx_word' id='word_1_95' title='bbox 1442 987 1580 1036; x_wconf 89' lang='lat' dir='ltr'><strong>urbes</strong></span> 
     </span>
     <span class='ocr_line' id='line_1_12' title="bbox 143 1064 1581 1132; baseline -0.003 -16"><span class='ocrx_word' id='word_1_96' title='bbox 143 1066 279 1116; x_wconf 87' lang='lat' dir='ltr'><strong>Italiae</strong></span> <span class='ocrx_word' id='word_1_97' title='bbox 296 1066 385 1115; x_wconf 89' lang='lat' dir='ltr'><strong>fere</strong></span> <span class='ocrx_word' id='word_1_98' title='bbox 408 1085 559 1114; x_wconf 90' lang='lat' dir='ltr'><strong>omnes</strong></span> <span class='ocrx_word' id='word_1_99' title='bbox 577 1104 588 1123; x_wconf 90' lang='lat'><strong>‚</strong></span> <span class='ocrx_word' id='word_1_100' title='bbox 609 1085 705 1132; x_wconf 84' lang='lat' dir='ltr'><strong>quae</strong></span> <span class='ocrx_word' id='word_1_101' title='bbox 725 1065 1048 1114; x_wconf 77' lang='lat' dir='ltr'><strong>mediterraneae</strong></span> <span class='ocrx_word' id='word_1_102' title='bbox 1079 1077 1184 1113; x_wconf 91' lang='lat' dir='ltr'><strong>sunt</strong></span> <span class='ocrx_word' id='word_1_103' title='bbox 1198 1102 1209 1121; x_wconf 92' lang='lat'><strong>‚</strong></span> <span class='ocrx_word' id='word_1_104' title='bbox 1232 1064 1518 1113; x_wconf 87' lang='lat' dir='ltr'><strong>aedificiorum</strong></span> <span class='ocrx_word' id='word_1_105' title='bbox 1538 1076 1581 1113; x_wconf 91' lang='lat' dir='ltr'><strong>et</strong></span> 
     </span>
     <span class='ocr_line' id='line_1_13' title="bbox 144 1141 1581 1211; baseline -0.003 -17"><span class='ocrx_word' id='word_1_106' title='bbox 144 1145 256 1195; x_wconf 92' lang='lat' dir='ltr'><strong>situs</strong></span> <span class='ocrx_word' id='word_1_107' title='bbox 278 1143 608 1211; x_wconf 85' lang='lat' dir='ltr'><strong>pulchritudine</strong></span> <span class='ocrx_word' id='word_1_108' title='bbox 630 1142 809 1210; x_wconf 84' lang='lat' dir='ltr'><strong>caelique</strong></span> <span class='ocrx_word' id='word_1_109' title='bbox 832 1143 1091 1192; x_wconf 85' lang='lat' dir='ltr'><strong>salubritate</strong></span> <span class='ocrx_word' id='word_1_110' title='bbox 1113 1142 1168 1190; x_wconf 91' lang='lat' dir='ltr'><strong>ab</strong></span> <span class='ocrx_word' id='word_1_111' title='bbox 1192 1142 1247 1192; x_wconf 91' lang='lat' dir='ltr'><strong>iis</strong></span> <span class='ocrx_word' id='word_1_112' title='bbox 1262 1179 1273 1200; x_wconf 92' lang='lat'>‚</span> <span class='ocrx_word' id='word_1_113' title='bbox 1299 1142 1376 1209; x_wconf 91' lang='lat' dir='ltr'><strong>qui</strong></span> <span class='ocrx_word' id='word_1_114' title='bbox 1407 1141 1581 1190; x_wconf 90' lang='lat' dir='ltr'><strong>Italiam</strong></span> 
     </span>
     <span class='ocr_line' id='line_1_14' title="bbox 143 1220 1583 1290; baseline 0 -21"><span class='ocrx_word' id='word_1_115' title='bbox 143 1221 286 1290; x_wconf 88' lang='lat' dir='ltr'><strong>ipsam</strong></span> <span class='ocrx_word' id='word_1_116' title='bbox 303 1221 512 1271; x_wconf 88' lang='lat' dir='ltr'><strong>obierunt</strong></span> <span class='ocrx_word' id='word_1_117' title='bbox 525 1221 771 1270; x_wconf 86' lang='lat' dir='ltr'><strong>universam</strong></span> <span class='ocrx_word' id='word_1_118' title='bbox 783 1259 795 1279; x_wconf 85' lang='lat'>‚</span> <span class='ocrx_word' id='word_1_119' title='bbox 815 1221 1042 1288; x_wconf 87' lang='lat' dir='ltr'><strong>adaequare</strong></span> <span class='ocrx_word' id='word_1_120' title='bbox 1060 1220 1338 1269; x_wconf 87' lang='lat' dir='ltr'><strong>adfirmatur:</strong></span> <span class='ocrx_word' id='word_1_121' title='bbox 1358 1220 1583 1288; x_wconf 87' lang='lat' dir='ltr'><strong>habetque</strong></span> 
     </span>
     <span class='ocr_line' id='line_1_15' title="bbox 146 1300 1584 1367; baseline 0 -19"><span class='ocrx_word' id='word_1_122' title='bbox 146 1300 192 1349; x_wconf 89' lang='lat' dir='ltr'><strong>in</strong></span> <span class='ocrx_word' id='word_1_123' title='bbox 216 1300 404 1364; x_wconf 85' lang='lat' dir='ltr'><strong>singulis</strong></span> <span class='ocrx_word' id='word_1_124' title='bbox 423 1300 618 1358; x_wconf 61' lang='lat' dir='ltr'><strong>riarum,</strong></span> <span class='ocrx_word' id='word_1_125' title='bbox 643 1312 694 1348; x_wconf 92' lang='lat' dir='ltr'><strong>ut</strong></span> <span class='ocrx_word' id='word_1_126' title='bbox 717 1300 779 1348; x_wconf 91' lang='lat' dir='ltr'><strong>ita</strong></span> <span class='ocrx_word' id='word_1_127' title='bbox 803 1300 985 1348; x_wconf 84' lang='lat' dir='ltr'><strong>dixerim</strong></span> <span class='ocrx_word' id='word_1_128' title='bbox 1004 1338 1014 1358; x_wconf 89' lang='lat'>‚</span> <span class='ocrx_word' id='word_1_129' title='bbox 1041 1300 1265 1367; x_wconf 87' lang='lat' dir='ltr'><strong>capitibus</strong></span> <span class='ocrx_word' id='word_1_130' title='bbox 1288 1300 1490 1362; x_wconf 87' lang='lat' dir='ltr'><strong>ingentes</strong></span> <span class='ocrx_word' id='word_1_131' title='bbox 1514 1319 1584 1348; x_wconf 91' lang='lat' dir='ltr'><strong>ca-</strong></span> 
     </span>
     <span class='ocr_line' id='line_1_16' title="bbox 145 1367 1583 1445; baseline 0 -17"><span class='ocrx_word' id='word_1_132' title='bbox 145 1367 268 1428; x_wconf 86' lang='lat' dir='ltr'><strong>tenas</strong></span> <span class='ocrx_word' id='word_1_133' title='bbox 300 1377 488 1437; x_wconf 86' lang='lat' dir='ltr'><strong>ferreas,</strong></span> <span class='ocrx_word' id='word_1_134' title='bbox 521 1377 768 1442; x_wconf 89' lang='lat' dir='ltr'><strong>gladiorum</strong></span> <span class='ocrx_word' id='word_1_135' title='bbox 796 1378 962 1427; x_wconf 89' lang='lat' dir='ltr'><strong>ictibus</strong></span> <span class='ocrx_word' id='word_1_136' title='bbox 994 1379 1158 1445; x_wconf 87' lang='lat' dir='ltr'><strong>passim</strong></span> <span class='ocrx_word' id='word_1_137' title='bbox 1192 1378 1382 1436; x_wconf 83' lang='lat' dir='ltr'><strong>incisas,</strong></span> <span class='ocrx_word' id='word_1_138' title='bbox 1417 1378 1583 1445; x_wconf 91' lang='lat' dir='ltr'><strong>quibus</strong></span> 
     </span>
     <span class='ocr_line' id='line_1_17' title="bbox 144 1456 1585 1523; baseline 0 -19"><span class='ocrx_word' id='word_1_139' title='bbox 144 1456 270 1521; x_wconf 87' lang='lat' dir='ltr'><strong>jactis</strong></span> <span class='ocrx_word' id='word_1_140' title='bbox 294 1468 339 1504; x_wconf 91' lang='lat' dir='ltr'><strong>et</strong></span> <span class='ocrx_word' id='word_1_141' title='bbox 360 1456 551 1505; x_wconf 85' lang='lat' dir='ltr'><strong>extensis</strong></span> <span class='ocrx_word' id='word_1_142' title='bbox 574 1456 717 1505; x_wconf 86' lang='lat' dir='ltr'><strong>nostri</strong></span> <span class='ocrx_word' id='word_1_143' title='bbox 736 1456 851 1505; x_wconf 90' lang='lat' dir='ltr'><strong>cives</strong></span> <span class='ocrx_word' id='word_1_144' title='bbox 871 1456 924 1505; x_wconf 87' lang='lat' dir='ltr'><strong>ad</strong></span> <span class='ocrx_word' id='word_1_145' title='bbox 946 1456 1119 1523; x_wconf 86' lang='lat' dir='ltr'><strong>equites</strong></span> <span class='ocrx_word' id='word_1_146' title='bbox 1136 1469 1180 1505; x_wconf 87' lang='lat' dir='ltr'><strong>et</strong></span> <span class='ocrx_word' id='word_1_147' title='bbox 1203 1456 1414 1505; x_wconf 90' lang='lat' dir='ltr'><strong>arcendos</strong></span> <span class='ocrx_word' id='word_1_148' title='bbox 1439 1468 1480 1504; x_wconf 88' lang='lat' dir='ltr'><strong>et</strong></span> <span class='ocrx_word' id='word_1_149' title='bbox 1500 1456 1585 1504; x_wconf 91' lang='lat' dir='ltr'><strong>im-</strong></span> 
     </span>
     <span class='ocr_line' id='line_1_18' title="bbox 147 1534 1587 1602; baseline -0.001 -17"><span class='ocrx_word' id='word_1_150' title='bbox 147 1535 389 1602; x_wconf 85' lang='lat' dir='ltr'><strong>pediendos</strong></span> <span class='ocrx_word' id='word_1_151' title='bbox 410 1554 466 1583; x_wconf 88' lang='lat' dir='ltr'><strong>ne</strong></span> <span class='ocrx_word' id='word_1_152' title='bbox 487 1554 567 1602; x_wconf 90' lang='lat' dir='ltr'><strong>per</strong></span> <span class='ocrx_word' id='word_1_153' title='bbox 590 1535 744 1583; x_wconf 89' lang='lat' dir='ltr'><strong>urbem</strong></span> <span class='ocrx_word' id='word_1_154' title='bbox 776 1534 916 1585; x_wconf 89' lang='lat' dir='ltr'><strong>libere</strong></span> <span class='ocrx_word' id='word_1_155' title='bbox 947 1548 1210 1600; x_wconf 82' lang='lat' dir='ltr'><strong>vagarentur</strong></span> <span class='ocrx_word' id='word_1_156' title='bbox 1226 1575 1237 1595; x_wconf 91' lang='lat'>‚</span> <span class='ocrx_word' id='word_1_157' title='bbox 1273 1548 1317 1584; x_wconf 91' lang='lat' dir='ltr'><strong>et</strong></span> <span class='ocrx_word' id='word_1_158' title='bbox 1341 1554 1395 1583; x_wconf 87' lang='lat' dir='ltr'><strong>ne</strong></span> <span class='ocrx_word' id='word_1_159' title='bbox 1422 1534 1587 1601; x_wconf 84' lang='lat' dir='ltr'><strong>diripe-</strong></span> 
     </span>
     <span class='ocr_line' id='line_1_19' title="bbox 148 1614 1588 1682; baseline -0.001 -19"><span class='ocrx_word' id='word_1_160' title='bbox 148 1627 265 1672; x_wconf 89' lang='lat' dir='ltr'><strong>rent,</strong></span> <span class='ocrx_word' id='word_1_161' title='bbox 290 1614 357 1663; x_wconf 88' lang='lat' dir='ltr'><strong>vel</strong></span> <span class='ocrx_word' id='word_1_162' title='bbox 376 1615 591 1680; x_wconf 86' lang='lat' dir='ltr'><strong>ejusmodi</strong></span> <span class='ocrx_word' id='word_1_163' title='bbox 609 1615 690 1664; x_wconf 83' lang='lat' dir='ltr'><strong>alia</strong></span> <span class='ocrx_word' id='word_1_164' title='bbox 709 1654 720 1674; x_wconf 89' lang='lat'><strong>‚</strong></span> <span class='ocrx_word' id='word_1_165' title='bbox 745 1634 841 1682; x_wconf 88' lang='lat' dir='ltr'><strong>quae</strong></span> <span class='ocrx_word' id='word_1_166' title='bbox 858 1614 1021 1663; x_wconf 90' lang='lat' dir='ltr'><strong>milites</strong></span> <span class='ocrx_word' id='word_1_167' title='bbox 1040 1614 1210 1675; x_wconf 88' lang='lat' dir='ltr'><strong>solent,</strong></span> <span class='ocrx_word' id='word_1_168' title='bbox 1236 1614 1484 1673; x_wconf 82' lang='lat' dir='ltr'><strong>efficerent,</strong></span> <span class='ocrx_word' id='word_1_169' title='bbox 1508 1634 1588 1663; x_wconf 89' lang='lat' dir='ltr'><strong>an-</strong></span> 
     </span>
     <span class='ocr_line' id='line_1_20' title="bbox 150 1691 1587 1759; baseline 0 -19"><span class='ocrx_word' id='word_1_170' title='bbox 150 1691 340 1759; x_wconf 85' lang='lat' dir='ltr'><strong>tiquitus</strong></span> <span class='ocrx_word' id='word_1_171' title='bbox 361 1692 615 1740; x_wconf 82' lang='lat' dir='ltr'><strong>utebantur.</strong></span> <span class='ocrx_word' id='word_1_172' title='bbox 649 1694 819 1756; x_wconf 84' lang='lat' dir='ltr'><strong>Qarum</strong></span> <span class='ocrx_word' id='word_1_173' title='bbox 847 1692 1022 1759; x_wconf 88' lang='lat' dir='ltr'><strong>quidem</strong></span> <span class='ocrx_word' id='word_1_174' title='bbox 1048 1704 1299 1741; x_wconf 88' lang='lat' dir='ltr'><strong>catenarum</strong></span> <span class='ocrx_word' id='word_1_175' title='bbox 1322 1712 1410 1740; x_wconf 88' lang='lat' dir='ltr'><strong>una</strong></span> <span class='ocrx_word' id='word_1_176' title='bbox 1440 1692 1587 1757; x_wconf 92' lang='lat' dir='ltr'><strong>(nunc</strong></span> 
     </span>
     <span class='ocr_line' id='line_1_21' title="bbox 151 1767 1590 1836; baseline 0 -20"><span class='ocrx_word' id='word_1_177' title='bbox 151 1770 196 1816; x_wconf 88' lang='lat' dir='ltr'><strong>in</strong></span> <span class='ocrx_word' id='word_1_178' title='bbox 214 1769 381 1817; x_wconf 90' lang='lat' dir='ltr'><strong>nodum</strong></span> <span class='ocrx_word' id='word_1_179' title='bbox 401 1767 616 1829; x_wconf 86' lang='lat' dir='ltr'><strong>collecta)</strong></span> <span class='ocrx_word' id='word_1_180' title='bbox 631 1788 825 1817; x_wconf 88' lang='lat' dir='ltr'><strong>mearum</strong></span> <span class='ocrx_word' id='word_1_181' title='bbox 844 1770 1024 1828; x_wconf 84' lang='lat' dir='ltr'><strong>aedium,</strong></span> <span class='ocrx_word' id='word_1_182' title='bbox 1042 1789 1138 1836; x_wconf 88' lang='lat' dir='ltr'><strong>quae</strong></span> <span class='ocrx_word' id='word_1_183' title='bbox 1152 1770 1198 1817; x_wconf 93' lang='lat' dir='ltr'><strong>in</strong></span> <span class='ocrx_word' id='word_1_184' title='bbox 1212 1768 1393 1836; x_wconf 88' lang='lat' dir='ltr'><strong>publica</strong></span> <span class='ocrx_word' id='word_1_185' title='bbox 1411 1769 1477 1817; x_wconf 89' lang='lat' dir='ltr'><strong>via</strong></span> <span class='ocrx_word' id='word_1_186' title='bbox 1498 1769 1590 1817; x_wconf 84' lang='lat' dir='ltr'><strong>sitae</strong></span> 
     </span>
     <span class='ocr_line' id='line_1_22' title="bbox 153 1843 1588 1912; baseline 0.001 -20"><span class='ocrx_word' id='word_1_187' title='bbox 153 1856 257 1893; x_wconf 88' lang='lat' dir='ltr'><strong>sunt</strong></span> <span class='ocrx_word' id='word_1_188' title='bbox 271 1882 283 1902; x_wconf 89' lang='lat'><strong>‚</strong></span> <span class='ocrx_word' id='word_1_189' title='bbox 303 1864 400 1911; x_wconf 88' lang='lat' dir='ltr'><strong>quae</strong></span> <span class='ocrx_word' id='word_1_190' title='bbox 419 1843 554 1907; x_wconf 88' lang='lat' dir='ltr'><strong>vulgo</strong></span> <span class='ocrx_word' id='word_1_191' title='bbox 579 1845 618 1893; x_wconf 84' lang='lat' dir='ltr'><strong>le</strong></span> <span class='ocrx_word' id='word_1_192' title='bbox 635 1863 725 1894; x_wconf 81' lang='lat' dir='ltr'><strong>case</strong></span> <span class='ocrx_word' id='word_1_193' title='bbox 736 1855 860 1911; x_wconf 79' lang='lat' dir='ltr'><strong>pente</strong></span> <span class='ocrx_word' id='word_1_194' title='bbox 878 1845 1063 1904; x_wconf 89' lang='lat' dir='ltr'><strong>dicitur,</strong></span> <span class='ocrx_word' id='word_1_195' title='bbox 1088 1845 1331 1912; x_wconf 87' lang='lat' dir='ltr'><strong>parietibus</strong></span> <span class='ocrx_word' id='word_1_196' title='bbox 1350 1844 1493 1893; x_wconf 83' lang='lat' dir='ltr'><strong>adfixa</strong></span> <span class='ocrx_word' id='word_1_197' title='bbox 1510 1858 1588 1894; x_wconf 90' lang='lat' dir='ltr'><strong>est.</strong></span> 
     </span>
     <span class='ocr_line' id='line_1_23' title="bbox 151 1922 1589 1992; baseline 0.002 -21"><span class='ocrx_word' id='word_1_198' title='bbox 151 1922 337 1991; x_wconf 89' lang='lat' dir='ltr'><strong>Templa</strong></span> <span class='ocrx_word' id='word_1_199' title='bbox 359 1924 541 1973; x_wconf 90' lang='lat' dir='ltr'><strong>summis</strong></span> <span class='ocrx_word' id='word_1_200' title='bbox 565 1923 759 1973; x_wconf 78' lang='lat' dir='ltr'><strong>aedificiis</strong></span> <span class='ocrx_word' id='word_1_201' title='bbox 782 1936 1002 1974; x_wconf 86' lang='lat' dir='ltr'><strong>exstructa</strong></span> <span class='ocrx_word' id='word_1_202' title='bbox 1022 1937 1151 1981; x_wconf 88' lang='lat' dir='ltr'><strong>sunt,</strong></span> <span class='ocrx_word' id='word_1_203' title='bbox 1177 1925 1232 1972; x_wconf 90' lang='lat' dir='ltr'><strong>D.</strong></span> <span class='ocrx_word' id='word_1_204' title='bbox 1258 1924 1483 1992; x_wconf 89' lang='lat' dir='ltr'><strong>Pamphili</strong></span> <span class='ocrx_word' id='word_1_205' title='bbox 1519 1944 1589 1974; x_wconf 91' lang='lat' dir='ltr'><strong>ca-</strong></span> 
     </span>
     <span class='ocr_line' id='line_1_24' title="bbox 154 1999 1591 2069; baseline 0 -21"><span class='ocrx_word' id='word_1_206' title='bbox 154 1999 350 2049; x_wconf 88' lang='lat' dir='ltr'><strong>thedrale</strong></span> <span class='ocrx_word' id='word_1_207' title='bbox 364 2038 376 2058; x_wconf 88' lang='lat'>‚</span> <span class='ocrx_word' id='word_1_208' title='bbox 399 2001 446 2048; x_wconf 93' lang='lat' dir='ltr'><strong>in</strong></span> <span class='ocrx_word' id='word_1_209' title='bbox 465 2020 555 2068; x_wconf 90' lang='lat' dir='ltr'><strong>quo</strong></span> <span class='ocrx_word' id='word_1_210' title='bbox 578 2015 646 2050; x_wconf 83' lang='lat' dir='ltr'><strong>XII</strong></span> <span class='ocrx_word' id='word_1_211' title='bbox 667 2002 976 2052; x_wconf 87' lang='lat' dir='ltr'><strong>canonicorum</strong></span> <span class='ocrx_word' id='word_1_212' title='bbox 988 2022 1201 2051; x_wconf 90' lang='lat' dir='ltr'><strong>numerus</strong></span> <span class='ocrx_word' id='word_1_213' title='bbox 1222 2014 1312 2061; x_wconf 86' lang='lat' dir='ltr'><strong>est,</strong></span> <span class='ocrx_word' id='word_1_214' title='bbox 1329 2014 1374 2051; x_wconf 89' lang='lat' dir='ltr'><strong>et</strong></span> <span class='ocrx_word' id='word_1_215' title='bbox 1392 2001 1591 2069; x_wconf 87' lang='lat' dir='ltr'><strong>episcopi</strong></span> 
     </span>
     <span class='ocr_line' id='line_1_25' title="bbox 154 2078 1589 2146; baseline 0 -20"><span class='ocrx_word' id='word_1_216' title='bbox 154 2078 294 2135; x_wconf 76' lang='lat' dir='ltr'><strong>aede3‚</strong></span> <span class='ocrx_word' id='word_1_217' title='bbox 321 2097 506 2145; x_wconf 88' lang='lat' dir='ltr'><strong>quarum</strong></span> <span class='ocrx_word' id='word_1_218' title='bbox 537 2098 693 2142; x_wconf 86' lang='lat' dir='ltr'><strong>magna</strong></span> <span class='ocrx_word' id='word_1_219' title='bbox 726 2099 828 2146; x_wconf 87' lang='lat' dir='ltr'><strong>pars</strong></span> <span class='ocrx_word' id='word_1_220' title='bbox 863 2080 1186 2143; x_wconf 85' lang='lat' dir='ltr'><strong>elegantissime</strong></span> <span class='ocrx_word' id='word_1_221' title='bbox 1218 2079 1458 2128; x_wconf 85' lang='lat' dir='ltr'><strong>instaurata</strong></span> <span class='ocrx_word' id='word_1_222' title='bbox 1493 2091 1589 2128; x_wconf 90' lang='lat' dir='ltr'><strong>est:</strong></span> 
     </span>
     <span class='ocr_line' id='line_1_26' title="bbox 158 2149 1595 2224; baseline 0 -21"><span class='ocrx_word' id='word_1_223' title='bbox 158 2156 215 2203; x_wconf 92' lang='lat' dir='ltr'><strong>D.</strong></span> <span class='ocrx_word' id='word_1_224' title='bbox 241 2156 395 2205; x_wconf 85' lang='lat' dir='ltr'><strong>Mariae</strong></span> <span class='ocrx_word' id='word_1_225' title='bbox 416 2149 703 2205; x_wconf 86' lang='lat' dir='ltr'><strong>Annuntiatae</strong></span> <span class='ocrx_word' id='word_1_226' title='bbox 719 2195 731 2215; x_wconf 81' lang='grc'><em>,</em></span> <span class='ocrx_word' id='word_1_227' title='bbox 756 2158 881 2223; x_wconf 88' lang='lat' dir='ltr'><strong>cujus</strong></span> <span class='ocrx_word' id='word_1_228' title='bbox 906 2177 1055 2206; x_wconf 88' lang='lat' dir='ltr'><strong>annuo</strong></span> <span class='ocrx_word' id='word_1_229' title='bbox 1078 2158 1224 2206; x_wconf 86' lang='lat' dir='ltr'><strong>reditu</strong></span> <span class='ocrx_word' id='word_1_230' title='bbox 1246 2169 1290 2205; x_wconf 91' lang='lat' dir='ltr'><strong>et</strong></span> <span class='ocrx_word' id='word_1_231' title='bbox 1307 2156 1595 2224; x_wconf 79' lang='lat' dir='ltr'><strong>eleemosynis</strong></span> 
     </span>
     <span class='ocr_line' id='line_1_27' title="bbox 156 2235 1594 2306; baseline 0.001 -24"><span class='ocrx_word' id='word_1_232' title='bbox 156 2235 309 2306; x_wconf 77' lang='lat' dir='ltr'><strong>aegroti</strong></span> <span class='ocrx_word' id='word_1_233' title='bbox 327 2235 531 2302; x_wconf 90' lang='lat' dir='ltr'><strong>hospites</strong></span> <span class='ocrx_word' id='word_1_234' title='bbox 547 2254 678 2302; x_wconf 90' lang='lat' dir='ltr'><strong>quam</strong></span> <span class='ocrx_word' id='word_1_235' title='bbox 693 2235 1026 2299; x_wconf 85' lang='lat' dir='ltr'><strong>diligentissime</strong></span> <span class='ocrx_word' id='word_1_236' title='bbox 1042 2248 1275 2285; x_wconf 89' lang='lat' dir='ltr'><strong>curantur:</strong></span> <span class='ocrx_word' id='word_1_237' title='bbox 1293 2237 1419 2303; x_wconf 87' lang='lat' dir='ltr'><strong>pueri</strong></span> <span class='ocrx_word' id='word_1_238' title='bbox 1441 2255 1594 2302; x_wconf 86' lang='lat' dir='ltr'><strong>quam-</strong></span> 
     </span>
     <span class='ocr_line' id='line_1_28' title="bbox 155 2310 1594 2380; baseline 0.001 -22"><span class='ocrx_word' id='word_1_239' title='bbox 155 2310 339 2377; x_wconf 89' lang='lat' dir='ltr'><strong>plurimi</strong></span> <span class='ocrx_word' id='word_1_240' title='bbox 362 2311 560 2378; x_wconf 90' lang='lat' dir='ltr'><strong>undique</strong></span> <span class='ocrx_word' id='word_1_241' title='bbox 581 2311 796 2378; x_wconf 85' lang='lat' dir='ltr'><strong>expositi,</strong></span> <span class='ocrx_word' id='word_1_242' title='bbox 822 2331 1126 2380; x_wconf 89' lang='lat' dir='ltr'><strong>pauperesque</strong></span> <span class='ocrx_word' id='word_1_243' title='bbox 1151 2332 1302 2362; x_wconf 90' lang='lat' dir='ltr'><strong>omnes</strong></span> <span class='ocrx_word' id='word_1_244' title='bbox 1323 2325 1412 2361; x_wconf 92' lang='lat' dir='ltr'><strong>tam</strong></span> <span class='ocrx_word' id='word_1_245' title='bbox 1430 2324 1594 2361; x_wconf 86' lang='lat' dir='ltr'><strong>nostrae</strong></span> 
     </span>
     <span class='ocr_line' id='line_1_29' title="bbox 156 2387 1596 2456; baseline 0.001 -20"><span class='ocrx_word' id='word_1_246' title='bbox 156 2389 306 2446; x_wconf 90' lang='lat' dir='ltr'><strong>urbis,</strong></span> <span class='ocrx_word' id='word_1_247' title='bbox 332 2408 465 2456; x_wconf 89' lang='lat' dir='ltr'><strong>quam</strong></span> <span class='ocrx_word' id='word_1_248' title='bbox 485 2388 672 2446; x_wconf 86' lang='lat' dir='ltr'><strong>externi,</strong></span> <span class='ocrx_word' id='word_1_249' title='bbox 690 2387 796 2437; x_wconf 92' lang='lat' dir='ltr'><strong>satis</strong></span> <span class='ocrx_word' id='word_1_250' title='bbox 811 2390 1040 2438; x_wconf 90' lang='lat' dir='ltr'><strong>commode</strong></span> <span class='ocrx_word' id='word_1_251' title='bbox 1059 2403 1102 2439; x_wconf 90' lang='lat' dir='ltr'><strong>et</strong></span> <span class='ocrx_word' id='word_1_252' title='bbox 1117 2390 1320 2447; x_wconf 85' lang='lat' dir='ltr'><strong>aluntur,</strong></span> <span class='ocrx_word' id='word_1_253' title='bbox 1342 2402 1384 2437; x_wconf 88' lang='lat' dir='ltr'><strong>et</strong></span> <span class='ocrx_word' id='word_1_254' title='bbox 1402 2390 1596 2438; x_wconf 88' lang='lat' dir='ltr'><strong>vestiun-</strong></span> 
     </span>
    </p>
   </div>
   <div class='ocr_carea' id='block_1_3' title="bbox 156 2466 1592 2770">
    <p class='ocr_par' dir='ltr' id='par_1_3' title="bbox 156 2466 1592 2770">
     <span class='ocr_line' id='line_1_30' title="bbox 157 2466 1592 2534; baseline -0.001 -18"><span class='ocrx_word' id='word_1_255' title='bbox 157 2480 231 2517; x_wconf 90' lang='lat' dir='ltr'><strong>tur</strong></span> <span class='ocrx_word' id='word_1_256' title='bbox 249 2488 258 2516; x_wconf 74' lang='grc' dir='ltr'><strong><em>ε</em></strong></span> <span class='ocrx_word' id='word_1_257' title='bbox 281 2469 336 2516; x_wconf 90' lang='lat' dir='ltr'><strong>D.</strong></span> <span class='ocrx_word' id='word_1_258' title='bbox 359 2467 579 2516; x_wconf 90' lang='lat' dir='ltr'><strong>Francisei</strong></span> <span class='ocrx_word' id='word_1_259' title='bbox 597 2505 609 2524; x_wconf 91' lang='lat'><strong>‚</strong></span> <span class='ocrx_word' id='word_1_260' title='bbox 635 2468 681 2515; x_wconf 92' lang='lat' dir='ltr'><strong>in</strong></span> <span class='ocrx_word' id='word_1_261' title='bbox 701 2487 792 2534; x_wconf 90' lang='lat' dir='ltr'><strong>quo</strong></span> <span class='ocrx_word' id='word_1_262' title='bbox 811 2466 968 2516; x_wconf 86' lang='lat' dir='ltr'><strong>fratres</strong></span> <span class='ocrx_word' id='word_1_263' title='bbox 983 2467 1290 2516; x_wconf 82' lang='lat' dir='ltr'><strong>conventuales</strong></span> <span class='ocrx_word' id='word_1_264' title='bbox 1305 2506 1316 2526; x_wconf 88' lang='lat'><strong><em>,</em></strong></span> <span class='ocrx_word' id='word_1_265' title='bbox 1338 2479 1390 2515; x_wconf 91' lang='lat' dir='ltr'><strong>ut</strong></span> <span class='ocrx_word' id='word_1_266' title='bbox 1409 2478 1567 2516; x_wconf 87' lang='lat' dir='ltr'><strong>vocant</strong></span> <span class='ocrx_word' id='word_1_267' title='bbox 1580 2505 1592 2523; x_wconf 90' lang='lat'>‚</span> 
     </span>
     <span class='ocr_line' id='line_1_31' title="bbox 156 2544 1592 2610; baseline -0.001 -16"><span class='ocrx_word' id='word_1_268' title='bbox 156 2546 290 2609; x_wconf 83' lang='lat' dir='ltr'><strong>vitam</strong></span> <span class='ocrx_word' id='word_1_269' title='bbox 315 2545 482 2608; x_wconf 89' lang='lat' dir='ltr'><strong>degunt</strong></span> <span class='ocrx_word' id='word_1_270' title='bbox 504 2567 513 2594; x_wconf 77' lang='grc' dir='ltr'><strong><em>ι</em></strong></span> <span class='ocrx_word' id='word_1_271' title='bbox 537 2545 621 2594; x_wconf 89' lang='lat' dir='ltr'><strong>alia</strong></span> <span class='ocrx_word' id='word_1_272' title='bbox 641 2546 743 2593; x_wconf 87' lang='lat' dir='ltr'><strong>DD.</strong></span> <span class='ocrx_word' id='word_1_273' title='bbox 766 2545 1007 2608; x_wconf 89' lang='lat' dir='ltr'><strong>Augustini</strong></span> <span class='ocrx_word' id='word_1_274' title='bbox 1030 2557 1073 2592; x_wconf 94' lang='lat' dir='ltr'><strong>et</strong></span> <span class='ocrx_word' id='word_1_275' title='bbox 1092 2544 1340 2603; x_wconf 88' lang='lat' dir='ltr'><strong>Dominici‚</strong></span> <span class='ocrx_word' id='word_1_276' title='bbox 1360 2544 1407 2592; x_wconf 89' lang='lat' dir='ltr'><strong>in</strong></span> <span class='ocrx_word' id='word_1_277' title='bbox 1427 2544 1592 2610; x_wconf 90' lang='lat' dir='ltr'><strong>quibus</strong></span> 
     </span>
     <span class='ocr_line' id='line_1_32' title="bbox 157 2621 1589 2680; baseline -0.001 -9"><span class='ocrx_word' id='word_1_278' title='bbox 157 2623 319 2672; x_wconf 91' lang='lat' dir='ltr'><strong>horum</strong></span> <span class='ocrx_word' id='word_1_279' title='bbox 354 2622 585 2672; x_wconf 91' lang='lat' dir='ltr'><strong>nominum</strong></span> <span class='ocrx_word' id='word_1_280' title='bbox 614 2621 828 2672; x_wconf 89' lang='lat' dir='ltr'><strong>moniales</strong></span> <span class='ocrx_word' id='word_1_281' title='bbox 859 2634 975 2672; x_wconf 74' lang='lat' dir='ltr'><strong>sunt,</strong></span> <span class='ocrx_word' id='word_1_282' title='bbox 1015 2625 1067 2671; x_wconf 93' lang='lat' dir='ltr'><strong>In</strong></span> <span class='ocrx_word' id='word_1_283' title='bbox 1084 2621 1172 2671; x_wconf 88' lang='lat' dir='ltr'><strong>hoc</strong></span> <span class='ocrx_word' id='word_1_284' title='bbox 1192 2634 1270 2671; x_wconf 91' lang='lat' dir='ltr'><strong>aut</strong></span> <span class='ocrx_word' id='word_1_285' title='bbox 1292 2621 1560 2671; x_wconf 88' lang='lat' dir='ltr'><strong>dialecticam</strong></span> <span class='ocrx_word' id='word_1_286' title='bbox 1577 2660 1589 2680; x_wconf 92' lang='lat'>,</span> 
     </span>
     <span class='ocr_line' id='line_1_33' title="bbox 161 2699 1590 2770; baseline -0.002 -20"><span class='ocrx_word' id='word_1_287' title='bbox 161 2713 236 2751; x_wconf 82' lang='lat' dir='ltr'><strong>aut</strong></span> <span class='ocrx_word' id='word_1_288' title='bbox 259 2701 386 2750; x_wconf 91' lang='lat' dir='ltr'><strong>aliam</strong></span> <span class='ocrx_word' id='word_1_289' title='bbox 409 2701 706 2770; x_wconf 77' lang='lat' dir='ltr'><strong>philosophiae</strong></span> <span class='ocrx_word' id='word_1_290' title='bbox 723 2712 892 2768; x_wconf 89' lang='lat' dir='ltr'><strong>partem</strong></span> <span class='ocrx_word' id='word_1_291' title='bbox 917 2702 1275 2767; x_wconf 87' lang='lat' dir='ltr'><strong>interpretantur.</strong></span> <span class='ocrx_word' id='word_1_292' title='bbox 1304 2702 1361 2750; x_wconf 88' lang='lat' dir='ltr'><strong>D.</strong></span> <span class='ocrx_word' id='word_1_293' title='bbox 1386 2699 1556 2751; x_wconf 88' lang='lat' dir='ltr'><strong>Nicolai</strong></span> <span class='ocrx_word' id='word_1_294' title='bbox 1579 2738 1590 2759; x_wconf 92' lang='lat'>,</span> 
     </span>
    </p>
   </div>
  </div>
 </body>
</html>
