1794 3100
326 331 866 388 TESTIMONIA
909 332 1012 387 ET
1053 331 1401 387 JUDICIA

431 490 729 528 VETERUM
754 490 828 526 ET
853 489 1320 534 RECENTIORUM,

212 635 377 704 DE
444 636 555 714 P..>
597 635 992 706 OVIDIO
1054 634 1505 704 NASONE.

161 875 463 945 VELLEIUS
485 894 875 952 PATERCULUS‚
898 892 978 940 lib.
1003 894 1048 940 ΙΙ
1065 930 1077 948 ,
1103 910 1195 958 cap.
1225 889 1313 937 36:
1338 913 1360 933 «
1382 889 1592 938 Tibullus

164 998 187 1019 »
217 987 261 1025 et
277 978 397 1025 Naso
416 975 722 1043 perfectissimi
743 975 791 1023 in
810 975 951 1023 forma
971 974 1119 1040 operis
1138 974 1220 1022 sui.
1246 996 1268 1014 »

228 1059 433 1114 SENECA,
454 1057 652 1106 Natural.
674 1058 845 1122 Quaest.
861 1056 942 1105 lib.
961 1058 1028 1105 Ill
1043 1094 1055 1114 ,
1075 1075 1168 1122 cap.
1187 1073 1244 1122 27
1267 1075 1277 1103 :
1303 1077 1324 1098 «
1344 1053 1592 1103 Insularum

166 1158 190 1180 »
218 1136 352 1184 modo
372 1135 565 1185 eminent
582 1147 757 1184 montes
769 1173 780 1192 ‚
797 1147 840 1184 et
856 1153 1019 1200 sparsas
1041 1125 1245 1204 Cycladas
1266 1144 1415 1200 augent
1430 1172 1442 1189 ,
1466 1144 1519 1180 ut
1535 1133 1598 1180 ait

167 1235 191 1257 »
217 1211 293 1262 ille
313 1226 544 1281 poetarum
569 1213 973 1276 ingeniosissimus,
998 1212 1114 1260 sicut
1137 1210 1249 1260 illud
1271 1230 1353 1279 pro
1373 1210 1594 1273 magnitu-

168 1311 191 1332 »
219 1290 321 1338 dine
339 1291 401 1339 rei
427 1290 539 1339 dixit
555 1328 566 1348 ,
598 1290 753 1339 Omnia
762 1300 915 1356 pontus
930 1299 1048 1337 erant
1074 1309 1089 1336 .·
1111 1287 1277 1336 deerant
1297 1306 1451 1356 quoque
1477 1287 1598 1335 litora

170 1389 192 1410 υ
211 1377 365 1435 ponto,
393 1367 481 1416 nisi
508 1379 681 1415 tantum
704 1366 919 1434 impetum
940 1366 1109 1430 ingenii
1135 1378 1179 1414 et
1196 1367 1387 1415 materiae
1411 1365 1467 1414 ad
1484 1384 1596 1432 pue-

170 1470 192 1491 »
218 1446 323 1497 riles
344 1447 534 1515 ineptias
553 1446 832 1503 reduxisset,
857 1447 1038 1494 Metam.
1060 1447 1103 1501 I,
1130 1443 1255 1506 304:

387 1563 457 1599 Nat
471 1563 574 1609 lupus
588 1562 682 1598 inter
699 1575 779 1598 oves
793 1589 802 1606 ,
820 1562 934 1597 fulvos
952 1561 1048 1596 vehit
1064 1561 1159 1596 unda
1173 1561 1303 1607 leones.

171 1683 194 1705 ι)
217 1662 322 1710 Non
342 1673 409 1710 est
432 1678 502 1708 res
532 1662 637 1709 satis
668 1660 816 1709 sobria
831 1698 842 1718 ‚
872 1659 1070 1712 lascivire
1094 1659 1301 1708 devorato
1326 1659 1436 1707 orbe
1460 1671 1596 1707 terra-

173 1759 196 1787 »
222 1757 332 1786 rum.
351 1736 481 1785 Dixit
492 1737 702 1801 ingentia,
723 1748 766 1784 et
784 1748 914 1790 tantae
928 1735 1201 1784 confusionis
1219 1735 1452 1798 imaginem
1465 1734 1594 1800 cepit,

173 1837 196 1858 »
222 1834 359 1882 quum
381 1814 521 1862 dixit:

387 1930 585 1977 Exspatiata
600 1938 710 1966 ruunt
726 1944 790 1976 per
805 1937 941 1976 apertos
956 1930 1104 1965 flumina
1120 1942 1261 1975 campos
1274 1955 1283 1973 ,

352 1988 354 1990 ’
438 2019 446 2028 .
460 2018 467 2027 .
481 2017 491 2026 .
509 2005 703 2040 pressaeque
721 1993 839 2029 labant
855 1995 919 2030 sub
937 1994 1072 2040 gurgite
1090 2002 1213 2028 turres.
1236 2014 1238 2021 ι
1293 1994 1429 2027 Ibidem.

178 2114 200 2135 »
224 2091 461 2156 Magnifice
476 2092 564 2141 hoc
581 2129 593 2148 ‚
626 2092 663 2139 si
685 2110 777 2140 non
807 2092 975 2140 curavit
999 2091 1104 2158 quid
1127 2108 1228 2138 oves
1247 2103 1291 2138 et
1310 2090 1404 2157 lupi
1424 2088 1598 2138 faciant.

178 2194 201 2215 »
229 2171 384 2220 Natari
409 2183 554 2220 autem
571 2172 617 2219 in
639 2170 804 2220 diluvio
824 2183 868 2220 et
888 2172 934 2219 in
952 2170 1029 2220 illa
1042 2171 1195 2238 rapina
1212 2182 1363 2237 potest
1380 2171 1400 2218 Ρ
1421 2182 1600 2218 autnon

177 2273 201 2294 »
229 2249 384 2298 eodem
406 2249 574 2315 impetu
596 2267 732 2315 pecus
754 2268 884 2312 omne
899 2287 911 2307 ‚
948 2269 1039 2316 quo
1060 2261 1239 2316 raptum
1261 2260 1379 2305 erat,
1412 2267 1603 2296 mersum

179 2351 203 2373 »
231 2329 331 2377 est?
365 2326 621 2394 Concepisti
643 2327 876 2389 imaginem
891 2366 901 2385 ‚
933 2338 1143 2394 quantam
1167 2326 1360 2375 debebas
1384 2363 1396 2383 ‚
1433 2325 1607 2373 obrutis

179 2428 203 2449 »
229 2405 439 2454 omnibus
457 2404 584 2452 terris
599 2441 610 2462 ‚
634 2403 738 2451 caelo
755 2403 920 2471 ipso-in
932 2414 1272 2452 terramruente.
1295 2401 1471 2459 Perfer3
1492 2401 1611 2449 dices

179 2505 204 2527 >›
232 2482 346 2531 enim
362 2482 466 2549 quid
484 2482 648 2539 deceat,
668 2481 705 2529 si
724 2480 983 2544 cogitaveris
997 2481 1152 2530 orbem
1171 2493 1386 2528 terrarum
1402 2490 1606 2528 natare.»

244 2561 345 2623 (De
369 2560 451 2608 hac
475 2561 647 2609 Senecae
670 2578 877 2616 censura,
902 2558 1000 2608 vide
1024 2558 1249 2607 Schelium
1271 2557 1329 2606 ad
1351 2557 1531 2621 Dialogi
1560 2558 1614 2608 de

181 2636 451 2686 Oratoribus
474 2655 568 2703 cap.
596 2635 703 2701 23.)

244 2714 388 2771 IDEM,
408 2713 548 2762 Gontl
550 2731 654 2761 ove1
655 2730 718 2760 sia
732 2722 914 2759 XXVIII:
937 2732 959 2755 «
974 2712 1165 2778 Propter
1176 2711 1262 2760 hoc
1276 2723 1319 2759 et
1335 2711 1432 2769 alia,
1451 2709 1623 2776 quibus
