1794 3100
270 261 359 304 29²
709 243 1248 289 DEDICATIONES
1294 249 1299 252 '

269 336 414 386 solum
430 336 503 384 hic
524 336 722 402 loquitur
739 348 891 385 auctor
902 375 913 394 ‚
939 357 1082 404 neque
1098 339 1335 387 Corinnam
1348 340 1486 389 solam
1503 341 1662 392 ainavit
1674 381 1689 404 ,

270 412 394 479 quod
426 411 596 478 liquido
618 425 746 479 patet·
763 431 812 461 ex
834 412 985 477 Elegia
1006 427 1057 462 lv
1083 426 1125 462 et
1149 428 1231 463 XIX
1252 415 1355 463 libri
1376 416 1420 464 II
1438 417 1654 468 Amorum
1673 457 1686 477 ‚

269 502 400 557 atque
424 509 474 538 ex
497 489 619 547 aliis,
644 490 690 537 in
716 490 879 556 quibus
902 490 1062 540 fatetur
1084 492 1271 554 ingenue
1293 495 1412 542 Naso
1426 531 1438 552 ‚
1465 513 1511 544 se
1529 496 1688 544 multa—

265 586 363 615 rum
387 566 633 633 puellarum
657 586 803 615 amore
826 579 1001 634 captum
1027 568 1174 618 fuisse.
1210 572 1314 618 Non
1352 582 1494 619 tamen
1523 571 1688 622 inficias

268 664 343 704 e0,
377 645 616 693 Corinnam
653 645 691 691 ei
731 646 896 693 caeteris
936 646 1146 695 cariorem
1176 646 1337 705 fuisse,
1375 648 1428 700 de
1454 648 1689 716 eademque

264 721 539 787 frequentius
561 721 770 787 scriptum
797 741 890 771 esse
922 743 931 770 ε
965 736 1015 771 ut
1040 724 1077 772 si
1092 726 1123 772 'a
1142 725 1295 790 majori
1318 730 1441 791 parte
1463 726 1688 776 ducendus

263 801 323 848 sit
344 799 522 856 titulus,
545 819 699 866 parum
719 812 900 865 peccent
913 829 935 857 ‚·
952 801 1027 866 qui
1050 802 1253 851 Corinnae
1271 804 1448 853 nomine
1470 805 1554 853 hoc
1572 824 1687 871 opus

264 890 436 926 vocant.
467 877 654 925 Gravius
677 889 821 925 autem
846 876 911 924 illi
935 896 1075 926 errare
1099 878 1208 925 mihi
1229 879 1459 937 videntur,
1488 881 1565 947 qui
1587 881 1688 930 licet

264 972 395 1002 manu
423 953 709 1019 scriptorum,
735 952 1070 1018 depravatorum
1095 965 1238 1002 tamen
1263 954 1686 1021 exemplarium‚au-

264 1030 509 1078 ctoritatem
534 1030 699 1087 secuti,
727 1028 810 1077 hos
841 1041 928 1078 tres
960 1029 1136 1078 libellos
1167 1031 1241 1079 De
1268 1031 1361 1079 sine
1388 1031 1520 1081 titulo
1545 1034 1688 1082 nomi-

266 1120 376 1156 nant
397 1128 406 1154 :
435 1125 487 1154 ex
520 1106 682 1172 quibus
707 1107 857 1172 (quod
890 1108 1074 1156 maxime
1108 1108 1276 1169 miror)
1300 1121 1403 1157 sunt
1426 1111 1687 1161 Laurentius

264 1183 506 1239 willensis,
532 1196 574 1231 et
606 1185 802 1232 Joannes
835 1183 1102 1243 Tortellius‚
1145 1186 1222 1252 qui
1253 1205 1344 1234 non
1378 1187 1586 1236 ineruditi
1610 1189 1686 1237 ha·

261 1262 437 1310 bentur.
466 1262 639 1309 Horum
673 1262 924 1328 opinionem
958 1262 1166 1328 pluribus
1197 1265 1466 1331 argumentis
1494 1265 1687 1314 refellere

262 1358 356 1387 non
371 1351 551 1405 oportet
572 1359 580 1386 :
602 1339 707 1387 satis
726 1339 840 1386 enim
857 1338 1011 1396 fuerit,
1035 1352 1177 1405 poetae
1197 1341 1455 1389 sententiam
1472 1353 1515 1390 et
1530 1342 1684 1391 volun-

262 1428 394 1464 tatem
414 1416 466 1464 de
485 1416 618 1480 hujus
637 1415 783 1482 operis
806 1415 958 1473 titulo,
977 1417 1116 1482 ipsius
1137 1417 1282 1466 verbis
1299 1418 1544 1469 adduxisse.
1566 1422 1684 1469 Naso

260 1493 411 1556 igitur,
423 1493 501 1541 lib.
522 1495 587 1540 III
605 1493 656 1541 de
672 1494 800 1550 Arte,
819 1493 950 1558 hujus
964 1494 1032 1541 sui
1050 1496 1196 1561 operis
1213 1497 1273 1544 ita
1287 1489 1510 1546 meminit:
1529 1520 1548 1541 «
1566 1499 1684 1547 Deve

266 1593 288 1612 υ
317 1571 459 1619 tribus
484 1570 633 1628 libris,
662 1569 816 1636 titulus
834 1590 945 1636 quos
964 1572 1108 1634 signat
1128 1573 1366 1630 Amorum,
1388 1573 1512 1637 Elige
1526 1611 1537 1632 ‚
1565 1576 1685 1641 quod

266 1670 290 1690 »
318 1647 452 1694 docili
476 1646 670 1695 molliter
690 1666 765 1695 ore
788 1646 919 1710 legas.
944 1670 965 1691 »
991 1649 1116 1697 Dixit
1136 1669 1313 1717 quoque
1331 1650 1408 1698 lib.
1433 1653 1525 1710 Ill,
1546 1652 1614 1700 El.
1641 1666 1683 1710 Ι,

264 1726 397 1790 hujus
424 1726 569 1792 operis
589 1746 598 1773 :
624 1748 646 1768 «
670 1726 806 1774 teneri
833 1739 1126 1792 properentur
1145 1747 1335 1784 amores,
1360 1729 1479 1776 Dum
1500 1742 1636 1778 vacat.
1659 1754 1679 1773 υ

262 1802 406 1851 Facile
423 1802 561 1865 igitur
572 1822 692 1851 nunc
707 1815 909 1852 constare
928 1804 1065 1851 cuivis
1082 1804 1248 1870 poterit
1260 1842 1271 1862 ,
1290 1805 1374 1852 nisi
1388 1806 1524 1872 Ipsaea
1541 1808 1682 1874 (quod

265 1882 417 1944 aiunt)
444 1881 611 1928 caeciori
628 1918 638 1937 ‚
664 1880 842 1928 titulum
867 1899 960 1930 esse
983 1884 1175 1930 Amores.
1205 1883 1418 1932 Caeterum
1440 1904 1533 1934 non
1557 1887 1614 1935 ab
1637 1906 1684 1935 re

261 1958 354 2005 sore
382 1957 606 2014 existimo,
627 1957 664 2005 si
686 1959 942 2024 priusquam
962 1958 1017 2006 ad
1035 1961 1250 2007 Amorum
1273 1961 1679 2028 interpretationem

265 2034 466 2082 deflectat
491 2035 632 2082 oratio
647 2072 658 2094 ,
684 2035 788 2099 quid
803 2034 962 2098 ‘Elegia
981 2036 1063 2092 sit,
1084 2055 1179 2102 quae
1197 2037 1288 2100 ejus
1309 2038 1459 2102 origo,
1483 2040 1600 2089 unde
1613 2041 1681 2088 di—

266 2124 413 2168 catur,
442 2110 620 2176 quinam
647 2123 740 2158 tum
770 2112 888 2177 apud
930 2111 1131 2170 Graecos,
1157 2125 1250 2162 tum
1284 2116 1400 2181 apud
1431 2117 1612 2175 Latinos
1634 2118 1680 2167 in

267 2188 400 2251 elegis
425 2188 666 2236 scribendis
688 2188 943 2246 floruerint,
971 2209 1100 2255 quam
1130 2191 1405 2256 paucissimis
1434 2195 1677 2244 ostendero.

264 2267 463 2329 Elegiam
487 2267 548 2315 sie
571 2266 731 2314 diffinit
754 2267 1015 2325 Diomedes,
1039 2280 1089 2315 ut
1113 2269 1228 2317 dicat
1244 2308 1255 2327 ‚
1280 2290 1372 2319 eam
1395 2290 1487 2320 esse
1509 2291 1679 2322 carmen

267 2344 562 2410 compositum
580 2344 831 2392 hexametro
853 2363 978 2392 versu
993 2383 1004 2402 ,
1029 2357 1405 2412 pentametroque‚
1427 2349 1481 2396 ad
1497 2342 1680 2398 invicem

266 2420 441 2487 positis.
481 2420 720 2483 Elegorum
746 2432 888 2469 autem
915 2422 1127 2485 originem
1159 2423 1365 2471 incertam
1395 2443 1512 2484 esse,
1539 2428 1681 2475 Hora-

267 2498 355 2544 tius
369 2535 380 2554 ,
401 2498 447 2544 in
471 2499 580 2545 Arte
606 2498 780 2545 Poetica
795 2536 807 2556 ‚
833 2499 902 2546 his
921 2500 1186 2548 carminibus
1206 2512 1388 2549 testatur
1409 2521 1418 2549 :
1441 2525 1462 2544 κ
1483 2503 1597 2566 Quis
1617 2516 1680 2552 ta—

271 2596 293 2615 »
323 2593 423 2621 men
453 2575 635 2637 exiguos
669 2574 814 2638 elegos
848 2577 1036 2624 emiserit
1068 2589 1220 2625 auctor
1238 2614 1249 2634 ‚
1278 2579 1557 2627 Grammatici
1589 2597 1680 2627 cer-

272 2654 298 2691 »'
325 2662 439 2707 tant,
464 2662 508 2698 et
527 2651 669 2699 adhuc
692 2653 774 2700 sub
797 2653 942 2717 judice
964 2652 1017 2701 lis
1036 2666 1114 2702 est.
1139 2677 1161 2696 »
1182 2655 1284 2702 Non
1303 2654 1461 2703 desunt
1479 2655 1677 2714 interim,

272 2726 346 2790 qui
370 2724 615 2774 Callinoum
642 2729 870 2792 quemdam
887 2730 1050 2792 Elegiae
1069 2731 1338 2780 inventorem
1355 2732 1569 2781 exstitisse
1593 2745 1678 2781 tra—
