1794 3100
460 225 656 270 DEP.
683 223 948 270 OVIDIO
984 221 1272 266 NASONE.
1495 225 1581 285 375

165 318 430 370 laudem-et
451 329 503 362 ex
521 319 654 362 meris
667 315 926 376 virgilianis
942 316 1139 360 versibus
1155 323 1422 368 contextam,
1450 333 1584 378 quam

162 392 319 438 lubuit
342 391 703 436 -Pirckhaimerus
728 399 772 435 et
795 389 1053 445 Salmasius,
1083 407 1105 432 a
1130 405 1218 450 quo
1240 397 1470 449 acceptum
1497 393 1585 435 ini-

162 465 276 508 tium
294 463 412 507 illius
431 463 575 508 edidit
595 465 646 506 P.
671 463 914 507 Scriverius
931 463 978 504 in
993 460 1246 521 fragmentis
1263 463 1582 521 Tragicorum3

163 537 294 589 aliam
318 552 428 583 vero
459 537 671 583 Medeam
697 536 868 586 Ovidii,
904 550 1034 578 versu
1062 534 1270 592 scriptam
1295 533 1506 585 iambico,
1541 545 1587 580 et

161 626 251 663 uno
271 610 344 655 vel
359 598 503 654 'altero
523 609 703 653 fortasse
722 608 819 652 loco
849 606 905 650 ad
934 605 1115 666 Virgilii
1143 604 1259 648 dicta
1284 598 1582 662 alludentem,

160 682 427 746 pridemque
443 681 739 743 deperditam.
759 683 828 725 De
846 679 1000 724 eadem
1019 677 1174 723 Ovidii
1189 678 1346 723 Medea
1364 688 1518 725 auctor
1527 681 1582 726 de

161 755 298 805 causis
314 762 531 814 corruptae
544 754 824 814 eloquentiae,
840 769 936 812 cap.
963 767 1012 794 12
1035 768 1045 794 ε
1070 768 1090 791 «
1103 750 1195 793 Nec
1207 749 1322 793 ullus
1342 751 1488 794 Asinii
1508 760 1585 796 aut

162 826 504 871 Messalae'liber
523 833 614 870 tam
634 825 822 870 ,illustris
849 833 936 879 est,
965 841 1098 884 quam
1122 822 1285 868 Medea
1308 824 1485 878 Ovidii,
1508 836 1586 871 aut

162 899 287 943 Varii
304 900 540 958 Thyestes.
554 916 575 943 »
597 899 826 948 Aliorum,
846 913 943 958 quae
955 898 1188 958 scripserat
1204 895 1388 940 Ovidius
1400 929 1413 950 ‚
1434 897 1506 942 hic
1523 908 1588 943 est

163 969 322 1014 index:
339 970 713 1020 Declamationes,
739 970 1075 1019 controversiae,
1093 976 1139 1012 et
1156 968 1381 1014 Suasorioe
1390 987 1409 1023 ‚·
1428 968 1587 1030 quibus

163 1042 348 1087 valuisse
368 1043 588 1087 Nasonem
606 1043 980 1094 testaturSeneea
1004 1043 1299 1105 controvers.
1337 1055 1415 1099 ¹⁰3
1447 1040 1584 1085 disci-

162 1114 320 1176 pulum
338 1117 533 1161 rhetoris
554 1117 716 1162 Arellii
745 1118 900 1170 Fusci,
926 1125 972 1160 et
997 1117 1144 1160 Porcii
1165 1117 1368 1160 Latronis
1389 1115 1586 1160 admira-

161 1195 323 1232 torem.
340 1191 649 1252 ..Metaphmsis
671 1190 1006 1234 Plzoenomenon
1022 1188 1185 1240 Arati,
1212 1190 1412 1233 Lactant.
1439 1191 1510 1244 II,
1539 1190 1587 1244 5,

163 1261 399 1306 etEt-obus
421 1263 469 1305 in
493 1263 711 1323 Georgica
731 1263 929 1323 Virgilii.
954 1262 1312 1324 Epigrammata,
1344 1262 1401 1307 de
1428 1264 1588 1324 quibus

160 1330 264 1376 vide
281 1332 574 1388 Pontianum,
591 1350 688 1394 cap.
708 1335 791 1394 593
807 1335 999 1378 Misi-net
1015 1334 1263 1394 fragmenta
1274 1334 1433 1378 ovidii
1449 1353 1473 1378 a
1486 1336 1584 1378 Nic.

161 1403 567 1450 Heinsiocollecta.
589 1405 722 1450 Liber
740 1409 787 1449 in
803 1407 943 1456 malos
962 1408 1144 1451 Poetas.
1171 1406 1469 1463 Quintilianus
1498 1410 1583 1461 VI,

162 1476 187 1524 3
204 1493 215 1519 :
236 1492 258 1521 ις(
276 1475 505 1532 Adiuvant
526 1477 826 1522 urbanitatem
845 1487 889 1522 et
908 1495 1057 1523 versus
1077 1478 1307 1523 commode
1326 1481 1458 1539 positi
1473 1513 1486 1534 ,
1504 1495 1587 1523 seu

159 1549 244 1592 toti
264 1557 317 1592 ut
339 1558 442 1593 sunt
448 1583 463 1604 ,
487 1549 612 1612 quod
630 1550 741 1594 adeo
769 1550 898 1596 facile
913 1560 1008 1604 est,
1028 1560 1085 1595 ut
1106 1550 1300 1595 Ovidius
1316 1566 1372 1594 ‘ex
1394 1554 1588 1595 tetrasti-

160 1622 243 1666 cho
264 1623 408 1666 Macri
422 1625 614 1667 carmine
636 1623 704 1682 (id
718 1632 805 1679 est‘,
823 1633 1026 1685 poemate
1049 1624 1327 1668 tetrastimhis‘
1340 1625 1586 1683 constante)

158 1695 325 1741 librum
344 1699 391 1741 in
406 1697 542 1742 malos
556 1707 708 1759 poetas
725 1701 1080 1760 composuerit.»
1118 1699 1371 1760 wia-mphus
1395 1699 1585 1744 Caesaris

163 1767 332 1813 Tiberii
340 1767 396 1813 de
410 1769 595 1829 Illyriis,
611 1772 699 1823 111,
712 1769 863 1825 in—-40„
884 1788 906 1813 e
922 1773 1083 1813 Pon-to.
1104 1770 1293 1821 Carmen
1310 1771 1366 1814 de
1382 1770 1585 1814 laudibus

157 1839 462 1903 Augustijam
475 1841 702 1902 defimed,
723 1855 924 1886 sermone
942 1844 1103 1888 *Getico
1116 1842 1347 1897 ,-O-vidius
1368 1845 1462 1904 ipse
1488 1842 1577 1896 IV,

165 1915 215 1961 13
229 1948 244 1969 ,
267 1932 291 1959 e
308 1918 469 1961 Ponto.
489 1917 564 1962 De
580 1916 692 1962 bello
709 1917 900 1962 Actiaco
918 1917 974 1961 ad
990 1918 1227 1962 Tiberium
1243 1918 1349 1962 libri
1366 1920 1428 1962 II.
1455 1920 1505 1965 V
1499 1922 1584 1965 ati-

158 1990 365 2036 ciniorum
383 1989 506 2034 liber.

579 2070 897 2128 SUPPOSITA
939 2091 1161 2128 ov'lnlo.
1207 2091 1209 2110 ³

218 2190 258 2234 I.
285 2189 540 2237 Consolatio
563 2193 629 2236 ad
646 2194 812 2239 Liuiam
827 2193 1080 2255 Augustam
1100 2193 1155 2238 de
1172 2202 1316 2239 morte
1335 2195 1471 2238 Drusi
1488 2195 1578 2239 Ne-

157 2263 298 2318 ronis,
320 2278 417 2323 quoe
435 2263 523 2307 sub,
536 2263 691 2309 Ovidii
707 2267 885 2310 nomine
904 2265 1076 2327 prodiit
1092 2267 1254 2311 Venet.
1283 2265 1392 2327 1472
1401 2299 1414 2320 ,
1438 2266 1576 2318 in-fol.

158 2349 256 2377 cum
289 2335 444 2380 Probae
480 2336 960 2397 Virgiliocentonibus‚
999 2347 1134 2399 atque
1168 2338 1332 2383 ovidio
1369 2340 1415 2382 in
1435 2340 1579 2390 ‚variis

157 2406 286 2452 codd.
311 2409 429 2454 MSS
453 2410 693 2466 tribuitur,
716 2411 910 2455 Pedonis
932 2411 1209 2457 Albinovani
1227 2421 1315 2468 est,
1332 2421 1391 2455 .ut
1409 2411 1579 2465 dictum

154 2497 285 2542 supra
305 2499 343 2527 c.
376 2500 443 2527 12.
472 2483 698 2530 Pedonem
723 2485 841 2530 hunc
861 2485 1075 2547 aequalem
1093 2503 1222 2546 suum
1241 2485 1430 2538 Ovidius
1451 2487 1576 2540 'side—

155 2572 275 2601 reum
295 2573 450 2601 vocare
473 2574 562 2602 non
582 2557 781 2612 dubitat,
804 2560 886 2613 IV,
908 2559 958 2612 6,
979 2575 1010 2603 ¹e
1034 2561 1192 2604 Ponto.
1216 2559 1576 2612 Consolationem

155 2628 269 2671 hanc
292 2629 456 2673 ovidio
486 2638 646 2690 praeter
672 2647 767 2673 rem
796 2632 925 2674 etiam
955 2631 1188 2691 adscripsit
1211 2634 1502 2683 Passeratius,
1534 2641 1577 2676 et

158 2699 384 2754 Barthius,
408 2702 538 2754 LIII,
572 2701 644 2755 13,
671 2700 905 2746 Adversar.
