1794 3100
575 243 704 287 PER
737 244 780 286 J.
817 241 1111 286 MASSON.
1473 258 1548 285 121

139 350 282 389 catum
305 336 473 395 utitur,
499 347 765 403 conquestus
790 333 1034 382 Domitiani
1056 334 1304 401 principatu
1333 334 1556 399 delegatum

139 415 375 467 triumviris
395 414 650 463 ministerium
670 452 681 469 ,
721 423 767 461 ut
784 423 1039 461 monumenta
1055 411 1365 460 clartksimorum
1383 412 1558 477 zhgemb-

139 487 228 543 rum
253 493 296 542 in
325 493 480 542 coem'tzb
508 510 556 540 ac
585 491 702 539 Foro
737 501 958 539 urerentur.
997 493 1107 539 Item
1143 491 1306 540 Seneca
1344 503 1468 557 pater
1501 496 1510 514 ¹
1541 510 1550 518 ·

142 569 190 618 T
187 569 382 618 n'mnoiris
403 587 505 635 opus
527 578 588 616 est
608 607 620 624 ,
661 568 817 616 comitio
835 607 846 623 ,
885 568 1069 634 carmfice
1086 607 1096 624 ,
1133 579 1216 616 etc.
1243 567 1440 616 Tandem
1458 604 1469 624 ‚
1504 585 1558 615 ne

138 647 344 715 pluribus
366 646 577 714 exemplis
601 645 781 706 taedium
800 663 939 694 creem
957 683 969 702 ‚
995 644 1098 693 Aul.
1128 644 1296 693 Gellius
1316 683 1327 704 ,
1358 645 1435 693 lib.
1465 647 1532 693 III
1547 682 1559 702 ‚

139 743 235 792 cap.
257 723 306 783 3,
332 735 499 780 narrat,
522 723 719 771 Naevium
742 722 914 771 fabulas
932 723 977 770 in
997 741 1165 771 carcere
1184 722 1292 772 duas
1306 722 1532 789 scripsisse
1546 759 1559 779 ‚

137 821 273 868 quum
295 802 336 849 1'n
355 801 521 850 vincula
538 801 691 849 Romoe
710 819 738 848 a
759 800 970 849 triumviris
987 800 1184 867 conjectus
1199 810 1312 848 esset.

202 881 262 928 II.
284 879 479 928 Maxime
497 898 632 946 porro
645 878 766 926 venit
782 878 1124 936 observandum,
1145 876 1373 944 capitalem
1392 877 1560 925 huncce

138 956 462 1005 triumviratum
479 968 650 1023 partem
671 956 806 1005 fuisse
823 956 1143 1020 vigintiviratus
1156 994 1168 1014 ‚
1191 955 1268 1022 qui
1286 955 1342 1002 ad
1362 967 1561 1003 senatum

136 1045 227 1082 erat
262 1034 437 1098 gradus.
478 1034 532 1082 Id
569 1034 734 1100 optime
772 1053 853 1083 nos
887 1035 976 1082 Dio
1010 1040 1026 1059 ²
1053 1033 1205 1082 docuit
1229 1033 1283 1081 ad
1310 1051 1378 1080 an.
1414 1034 1470 1080 U.
1508 1033 1558 1081 C.

138 1124 310 1163 DCCXLI
339 1132 547 1170 narrans,
574 1113 692 1179 quod
720 1133 855 1180 quum
886 1113 1133 1162 senatorius
1167 1131 1324 1161 census
1359 1131 1481 1179 usque
1507 1111 1568 1160 ad

137 1192 268 1241 decr'es
290 1193 508 1240 sesterteitm
536 1191 839 1260 auctusfulkset
852 1231 864 1248 ,
892 1210 1112 1257 nemoque
1134 1191 1222 1256 jam
1243 1190 1430 1238 inveniri
1455 1208 1562 1255 pos-

136 1283 227 1329 set,
253 1271 331 1338 qui
355 1281 512 1337 sponte
538 1289 615 1319 sua
639 1282 815 1319 senator
837 1289 929 1319 esse
950 1269 1080 1318 vellet
1097 1307 1108 1327 ‚
1148 1270 1249 1318 ideo
1274 1281 1563 1318 senatuscon-

137 1348 302 1398 sultum
326 1348 458 1398 fuerit
482 1347 668 1408 factum,
697 1354 788 1403 τοὺς
817 1358 935 1398 ἔικοσι
954 1351 1224 1412 Δκαλοτ.ι(.ι.ε-Ξτ.οους
1247 1353 1391 1414 ἄνδρας
1421 1354 1462 1397 ἐκ
1485 1360 1561 1399 τῶν

136 1433 280 1478 ἱππέων
305 1430 623 1487 ἀποδείκνυσθαι,
652 1439 698 1476 ut
713 1429 786 1496 qui
802 1429 1058 1477 vocabantur
1086 1444 1149 1477 XX
1171 1429 1258 1477 viri
1281 1447 1336 1476 ex
1364 1428 1561 1496 equitibus

134 1506 471 1556 constituerentur.
501 1529 524 1549 «
547 1508 752 1571 Quorum
773 1506 928 1555 deinde
952 1507 1103 1556 nullus
1126 1508 1173 1555 in
1188 1519 1386 1555 senatum
1411 1518 1478 1555 est
1498 1505 1560 1554 al-

138 1605 161 1627 »
189 1582 344 1642 lectus,
359 1583 448 1632 nisi
463 1602 593 1650 quem
606 1584 736 1633 etiam
750 1583 884 1634 alium
900 1584 1224 1647 magistratum,
1240 1584 1366 1650 cujus
1390 1583 1561 1631 ratione

136 1683 159 1703 >›
186 1658 361 1710 senator
381 1674 532 1728 posset
552 1661 670 1720 fieri,
703 1662 923 1725 gessisset.
951 1685 973 1705 >›
1009 1662 1182 1711 Deinde
1207 1663 1282 1729 qui
1316 1661 1483 1711 fuerint
1510 1661 1558 1709 hi

134 1753 198 1787 xx
229 1738 311 1787 viri
336 1739 398 1787 sic
423 1741 606 1806 exponit
629 1761 641 1790 ε
679 1763 701 1783 «
726 1743 786 1788 Et
807 1740 855 1787 hi
883 1754 947 1788 XX
969 1740 1052 1788 viri
1071 1741 1175 1788 facti
1197 1740 1377 1789 fuerunt
1398 1759 1449 1788 ex
1471 1738 1559 1787 illis

134 1837 156 1856 n
185 1828 303 1864 XXVI
325 1815 454 1874 viris,
483 1817 530 1864 in
556 1817 720 1883 quibus
746 1830 871 1866 erant
897 1828 975 1866 tres
999 1818 1080 1865 viri
1102 1837 1247 1866 rerum
1270 1816 1522 1884 capitalium
1542 1855 1554 1875 ‚

135 1915 158 1936 »
187 1905 231 1942 et
252 1893 326 1942 alii
349 1904 430 1942 tres
447 1893 669 1958 signandae
687 1895 883 1962 pecuniae
897 1897 1127 1959 negotium
1145 1908 1363 1959 gerentes,
1388 1905 1561 1962 quatuor

134 1990 157 2011 »
186 1969 353 2017 viarum
377 1970 647 2020 urbanarum
670 1985 894 2021 curatores
908 2009 919 2030 ‚
944 1985 989 2021 et
1005 1972 1139 2021 decem
1161 1973 1358 2038 judiciis,
1383 1991 1479 2039 quae
1501 1971 1556 2019 ad

134 2070 159 2091 »
189 2048 482 2098 centumviros
507 2063 623 2100 sorte
645 2051 928 2110 deferuntur,
957 2052 1278 2118 praeficiuntur3
1303 2055 1366 2099 καὶ
1387 2055 1422 2098 οἱ
1441 2054 1552 2107 δέκα,

133 2148 156 2169 »
185 2132 224 2175 οἱ
245 2132 396 2176 ἐπὶτῶν
415 2130 662 2194 δικαστηρίων
685 2139 760 2177 τῶν
785 2134 823 2184 ἐς
849 2134 937 2183 τοὺς
958 2135 1093 2178 ἑκατὸν
1118 2132 1260 2195 ἄνδρας
1289 2134 1554 2194 κληρουμένων

131 2228 155 2248 »
181 2209 504 2269 ἀποδεικνύμενοι.
523 2229 546 2249 »

193 2284 323 2332 Unde
338 2282 510 2351 liquido
528 2295 651 2350 patet
666 2303 746 2350 per
763 2285 882 2333 hunc
899 2285 1213 2351 mgtintivimtum
1233 2286 1367 2335 fuisse
1387 2285 1554 2334 aditum

127 2361 181 2411 ad
203 2363 391 2428 majores
413 2362 459 2410 in
484 2374 639 2411 senatu
661 2363 881 2429 honores,
906 2364 973 2412 uti
994 2377 1108 2413 recte
1130 2365 1331 2432 Lipsius,
1359 2365 1413 2414 ad
1435 2365 1555 2413 hunc

125 2438 268 2487 Taciti
292 2438 307 2463 ³
332 2439 385 2488 de
408 2439 591 2488 Tiberio
608 2438 756 2487 locum
774 2439 943 2488 notavit
962 2460 972 2487 :
996 2462 1018 2482 »
1043 2441 1128 2489 Per
1146 2441 1260 2489 idem
1281 2453 1457 2508 tempus
1474 2442 1556 2490 Ne-

127 2538 151 2559 »
178 2535 331 2564 ronem
344 2535 367 2565 e
381 2515 533 2565 liberis
547 2517 799 2565 Germanici
813 2517 899 2582 jam
916 2517 1161 2581 ingressum
1179 2520 1422 2585 juventam,
1436 2539 1556 2568 com-

170 2652 181 2671 ¹
207 2649 282 2684 Lib.
301 2649 377 2693 III,
396 2648 565 2685 Contu-ov.
587 2650 646 2694 16,
666 2650 730 2687 sub
747 2649 808 2683 fin.

169 2705 185 2725 ²
208 2704 283 2739 Lib.
301 2704 396 2748 LIV,
416 2717 491 2751 pag.
510 2706 585 2748 540.

170 2757 185 2780 ³
207 2759 333 2794 Annal.
352 2759 410 2795 lib.
424 2759 500 2803 111,
521 2773 593 2805 cap.
611 2772 662 2806 29.
