1794 3100
572 181 707 224 PER
740 181 784 223 J.
820 178 1133 223 MASSON.
1492 178 1574 239 ¹49

200 278 291 326 111.
327 276 441 339 Quae
464 290 600 341 porro
623 276 786 323 Noster
816 272 981 321 ibidem
1011 272 1269 336 subjungit,
1296 271 1456 320 docent
1479 272 1577 321 He-

146 355 278 405 mides
295 372 474 422 quoque
492 353 709 420 EpiStolas
724 364 825 401 ante
843 351 1080 401 secundam
1100 349 1250 399 saltem
1269 352 1477 400 Amorum
1494 351 1579 399 edi-

147 434 312 484 tionem
331 434 419 500 jam
444 433 719 500 conscriptas
743 443 788 480 et
807 431 1008 495 vulgatas
1028 431 1188 488 fuisse,
1207 449 1318 479 vers.
1346 428 1497 476 21-26
1517 450 1526 477 :

370 532 444 567 Aut
456 558 465 575 ,
482 530 576 577 quod
597 532 781 575 Penelopes
795 529 910 564 verbis
926 529 1096 564 reddatur
1116 530 1250 577 [llys-si,

414 594 598 628 Scribimus
611 603 624 635 ;
649 598 707 626 aut
722 591 892 639 lacrymas
904 616 913 634 ,
938 592 1058 636 Phylli
1071 588 1189 625 relicta
1203 616 1212 634 ,
1230 590 1326 625 tuas!

370 654 481 701 Quod
499 657 619 696 Paris,
637 661 674 689 et
690 655 873 688 Macareus
884 680 893 695 ‚
916 659 951 687 et
969 651 1063 698 quod
1080 652 1169 687 male
1189 659 1306 698 gratus
1322 653 1443 692 Iason,

412 717 653 763 Ih‘ppolytique
668 728 811 760 parens,
830 716 1096 761 Hljopolytusque
1111 713 1230 759 legant
1244 726 1252 748 :

370 777 547 823 Quodque
564 783 688 812 tenens
703 776 863 811 strictum
879 777 973 810 Dido
989 774 1192 810 miserabilis
1208 787 1329 809 ensem

412 839 515 874 Dicat
525 865 534 882 ‚
552 846 587 874 et
601 838 726 872 AEoliae
742 839 863 872 lesbis
879 837 988 872 amica
1003 836 1088 885 lyrae
1103 850 1111 879 ;

143 917 319 985 quibus
343 916 562 985 pleraeque
586 916 874 980 designantur
894 913 1109 982 Epistolae
1137 914 1193 963 ab
1218 913 1383 962 ovidio
1402 925 1585 962 exaratae

152 996 330 1045 nomine
343 1035 356 1056 ‚
388 1003 446 1045 1⁰.
485 997 711 1062 Penelopes
739 996 794 1044 ad
838 995 1024 1063 Ulyssem
1038 1034 1050 1051 ‚
1082 1001 1147 1042 2⁰.
1175 992 1383 1064 Phyllidis
1412 993 1468 1042 ad
1489 994 1588 1042 De-

154 1074 432 1158 mophoontem
449 1114 461 1132 ,
492 1074 557 1122 3⁰.
580 1074 783 1122 OEnones
803 1073 858 1122 ad
875 1072 1095 1129 Paridem,
1119 1073 1184 1133 [4⁰.
1209 1071 1393 1120 Canaces
1409 1071 1464 1120 ad
1482 1070 1588 1120 Ma-

155 1171 338 1209 careum,
371 1152 435 1199 5⁰.
465 1151 716 1221 Hypsipyles
738 1151 792 1199 ad
814 1151 1042 1207 Jasonem,
1071 1150 1137 1197 60
1163 1150 1378 1200 Ariadnes
1399 1149 1454 1198 ad
1475 1150 1522 1198 T
1519 1149 1592 1198 he-

152 1248 284 1287 seum,
314 1236 378 1296 7.
368 1228 598 1277 ,Phaedroe
609 1228 666 1275 ad
683 1228 978 1296 Hippolytum,
1006 1228 1072 1276 8⁰.
1093 1228 1278 1277 Didonis
1294 1228 1352 1277 ad
1365 1227 1585 1284 AEneam,

156 1315 223 1374 9.
247 1306 440 1374 Sapphos
464 1306 520 1354 ad
539 1305 767 1355 Phaonem.

223 1385 346 1449 Quin
364 1396 408 1433 et
421 1384 600 1434 Sabinus
613 1382 743 1451 poeta
758 1384 845 1450 jam
861 1383 968 1433 alias
986 1384 1323 1432 concinnaverat
1341 1383 1592 1451 Epistolas‚

159 1463 323 1530 quibus
346 1463 598 1526 fingebatur
627 1462 833 1529 Ulysses‚
860 1461 1163 1528 Hippolytus,
1191 1463 1381 1519 AEneas,
1418 1474 1498 1510 etc.
1537 1462 1594 1510 ad

143 1541 411 1610 Penelopen
425 1579 438 1600 ‚
471 1541 726 1598 Phaedram,
757 1540 978 1589 Didonem
996 1578 1008 1597 ‚
1042 1552 1122 1588 etc.
1161 1540 1415 1590 rescribere.
1456 1541 1596 1589 Addit

158 1619 276 1667 enim
298 1638 409 1668 vers.
439 1617 589 1686 27-34
609 1638 618 1666 :

381 1717 502 1763 Quam
519 1717 588 1752 cito
605 1717 647 1752 de
665 1724 740 1753 toto
755 1717 859 1752 rediit
873 1730 974 1752 meus
990 1717 1074 1752 orbe
1092 1717 1238 1751 Sabinus
1252 1719 1262 1738 ¹
1276 1743 1286 1761 ‚

423 1779 628 1824 Scriptaque
645 1778 789 1814 diversis
808 1778 944 1813 rettulit
963 1778 1018 1813 ille
1038 1778 1120 1814 locis
1136 1779 1142 1812 !

383 1839 545 1876 Candida
560 1843 725 1885 Penelope
742 1840 881 1886 signum
899 1839 1062 1886 cognovit
1083 1841 1244 1886 Ulyssis;

423 1903 524 1949 Legit
542 1903 584 1938 ab
604 1904 788 1950 Hippolyto
804 1903 929 1949 scripta
946 1916 1088 1937 noverca
1105 1915 1178 1936 suo.

379 1964 462 1999 Jam
478 1964 554 2009 pius
573 1966 703 2000 AEneas
719 1964 856 1999 miserae
876 1964 1052 2010 rescripsit
1069 1966 1176 1999 Elisoe
1192 1978 1202 1999 .·

429 2024 610 2070 Quodque
629 2025 720 2071 legat
736 2026 886 2072 Phyllis,
907 2026 934 2060 si
950 2025 1059 2060 modo
1075 2025 1167 2061 vivat
1181 2053 1190 2070 ,
1211 2026 1338 2061 habet:

386 2084 510 2120 Tristis
525 2084 568 2119 ad
589 2087 799 2132 Hypsipylen
816 2086 858 2121 ab
875 2087 999 2122 Iasone
1014 2086 1130 2121 littera
1146 2087 1243 2121 venit
1258 2100 1265 2122 :

428 2145 501 2180 Det
517 2152 635 2180 votam
654 2146 788 2181 Phoebo
805 2148 926 2181 Lesbis
945 2154 1060 2182 amata
1077 2146 1198 2194 lyram.

163 2224 269 2274 Illas
292 2244 396 2273 vero
422 2223 648 2291 Epistolas
666 2225 722 2272 ab
749 2226 913 2274 ovidio
937 2227 1025 2291 jam
1045 2238 1147 2275 ante
1164 2226 1317 2275 Artem
1339 2224 1605 2275 Amatoriam

165 2303 334 2371 publici
354 2303 466 2369 juris
489 2302 625 2351 factas
639 2341 650 2361 ‚
675 2303 863 2370 ipsemet
884 2303 963 2353 lib.
992 2306 1061 2353 III
1079 2303 1274 2370 ejusdem
1297 2305 1422 2352 Artis
1447 2305 1606 2353 confir-

166 2395 280 2442 mat,
310 2401 419 2431 vers.
442 2380 537 2443 345
562 2393 606 2429 et
627 2379 722 2442 346
745 2401 755 2429 ι

385 2480 453 2515 Vel
470 2480 532 2515 tibi
551 2479 741 2525 composita
758 2487 922 2515 cantetur
940 2482 1099 2525 Epistola
1115 2493 1197 2515 voce
1212 2493 1221 2522 ;

429 2544 597 2589 Ignotum
613 2542 680 2578 hoc
700 2542 771 2577 aliis
788 2542 844 2577 ille
862 2542 1002 2577 novavit
1018 2555 1116 2587 opus.

216 2654 226 2672 ¹
251 2650 422 2697 Ejusdem
438 2651 510 2696 jam
530 2650 601 2686 vita
619 2650 730 2686 suncti
749 2650 880 2686 Noster
895 2649 1059 2685 meminit
1073 2662 1113 2684 ex
1130 2650 1249 2685 Ponto
1262 2676 1273 2694 ‚
1291 2650 1350 2686 lib.
1366 2651 1434 2694 IV,
1453 2651 1519 2697 Ep.
1533 2663 1597 2687 xw
1609 2680 1617 2694 ,

180 2722 266 2744 vers.
285 2709 397 2744 13-16.
