1794 3100
565 229 695 273 PER
729 231 772 273 J.
809 229 1110 276 MASSON.
1474 231 1551 287 141

342 322 391 358 Et
406 335 522 368 neque
540 324 668 357 dm'tu‘s
678 348 688 364 ,
708 335 774 357 nec
783 328 982 367 paupertate
999 322 1153 358 notanda
1170 335 1180 357 :

389 382 500 419 Unde
520 382 561 418 fit
580 382 616 417 in
631 390 801 418 neutrum
818 383 1082 429 conspiciendus
1093 396 1202 428 eques.

345 443 400 479 Sit
414 455 554 489 quoque
574 450 691 479 nostra
710 443 834 479 domus
852 444 905 478 vel
922 457 1028 479 censu
1044 457 1147 490 parva
1159 469 1168 487 ,
1185 442 1240 478 vel
1258 450 1339 479 ortu
1358 456 1367 484 ;

388 503 539 549 Ingenio
556 510 650 539 certe
666 516 740 538 non
759 504 842 539 latet
859 503 915 539 illa
934 517 1026 540 meo.

664 597 1021 612 mmmm

281 706 390 741 Anno
407 711 488 740 ante
508 704 550 740 C.
568 716 652 748 x1x;
671 706 720 742 U.
737 704 780 740 C.
794 715 987 748 nccxxxv3
1012 704 1154 750 ovidii,
1173 717 1263 742 xxiv
1278 715 1313 743 et
1329 719 1413 743 xxv.

155 815 197 852 C.
229 815 472 852 SENTIO
504 814 892 860 SATURNINO,
921 816 969 861 Q.
1002 815 1330 854 LUCRETIO
1356 818 1521 857 COSS.

189 913 224 960 I.
249 911 400 961 HAUD
425 922 526 959 ante
546 911 667 959 hunc
689 929 852 960 annum
885 910 1074 959 Ovidius
1108 911 1258 978 potuit
1290 913 1444 961 Amor.
1483 913 1559 962 lib.

129 990 224 1048 III,
244 989 457 1054 Eleg.1x‚
480 990 766 1048 concinnare,
787 1009 924 1056 quum
943 1008 990 1037 ea
1011 989 1178 1038 Tibulli
1188 1003 1374 1040 mortem
1391 992 1562 1042 defleat.

130 1067 176 1116 Is
201 1067 318 1115 enim
345 1078 476 1133 poeta
498 1066 584 1114 hoc
607 1085 720 1114 anno
736 1105 747 1124 ‚
775 1086 866 1133 quo
887 1079 1071 1115 exeunte
1098 1067 1303 1135 Virgilius
1323 1075 1332 1094 ¹
1357 1069 1564 1128 decessit,

127 1143 334 1192 ultimum
350 1144 467 1192 obiit
481 1139 595 1192 diem
609 1181 620 1201 ‚
642 1144 680 1192 si
698 1144 1031 1210 epigrammatio
1042 1183 1053 1203 ,
1078 1145 1200 1211 quod
1216 1146 1366 1195 ,Marso
1383 1147 1569 1196 Domitio

125 1220 416 1279 adscribitur,
435 1221 681 1270 credimus:

345 1320 398 1356 Te
420 1333 559 1366 quoque
578 1321 759 1355 meuo
776 1320 943 1356 comitem
958 1333 1031 1355 non
1050 1333 1167 1366 aequa,
1189 1321 1377 1364 Tamtu,

395 1383 491 1417 Mors
505 1382 674 1427 juvenem
691 1394 832 1427 campos
849 1382 943 1417 misit
960 1381 1002 1416 ad
1022 1381 1167 1429 Elysios.

132 1461 261 1510 Unde
285 1460 427 1528 liquet
447 1458 583 1527 paulo
605 1471 712 1526 post
740 1459 917 1527 Virgilii
936 1459 1112 1509 obitum
1137 1460 1225 1509 vita
1247 1460 1450 1509 functum
1473 1478 1566 1509 esse

130 1539 347 1588 Tibullum
363 1577 375 1595 ‚
417 1537 637 1605 siquidem
661 1538 734 1586 hic
767 1557 913 1586 comes
943 1536 1063 1586 illius
1088 1537 1145 1586 ad
1168 1538 1362 1605 Campos
1390 1537 1567 1605 Elysios

128 1617 292 1666 missus
316 1617 471 1665 Marso
498 1610 674 1664 dicitur.

193 1693 263 1742 Ex
300 1694 397 1761 ipsa
430 1713 533 1743 vero
557 1694 750 1743 Nasonis
780 1693 934 1756 Elegia
967 1694 1205 1751 discimus,
1235 1692 1448 1742 Tibullum
1479 1712 1568 1740 non

125 1771 264 1830 modo
274 1785 379 1840 post
401 1772 574 1823 Calvum
594 1792 644 1821 ac
667 1772 880 1821 Catullum
894 1772 1205 1821 mortalitatem
1221 1772 1413 1830 exuisse,
1433 1772 1509 1821 sed
1527 1784 1571 1821 et

129 1862 233 1918 post
259 1849 494 1900 Cornelium
522 1851 695 1901 Gallum
718 1891 730 1908 ,
766 1850 844 1917 qui
866 1870 983 1899 anno
1009 1853 1065 1899 U.
1093 1852 1142 1900 C.
1172 1862 1447 1907 DCCXXVHl,
1483 1850 1571 1899 sibi

135 1929 352 1980 violentas
369 1949 526 1980 manus
537 1929 769 1988 intulerat,
789 1930 936 1978 Dione
953 1937 970 1955 ²
987 1942 1111 1979 teste.
1132 1931 1263 1979 Canit
1278 1930 1393 1979 enim
1410 1931 1572 1978 Noster

134 2010 282 2059 eadem
308 2010 461 2074 Elegia
482 2024 532 2060 lx
548 2048 560 2069 ‚
581 2029 692 2059 vers.
718 2008 867 2057 60-65
888 2029 897 2057 :

495 2134 505 2142 .
519 2135 527 2143 .
541 2135 549 2143 .
578 2109 620 2144 In
641 2109 759 2157 Eiysia
774 2108 862 2144 valle
882 2108 1074 2144 TIBULLUS
1091 2110 1168 2144 erit.

355 2169 591 2207 Obviushuic
607 2172 725 2205 venias
744 2170 875 2211 hedera
889 2171 1055 2215 juvenilia
1073 2171 1206 2206 cinctus

396 2230 575 2276 Tempora
589 2258 599 2275 ,
615 2245 696 2266 cum
720 2230 867 2276 Cave,
888 2231 987 2266 docte
1006 2232 1184 2281 CATQLLB
1197 2259 1207 2275 ,
1226 2239 1297 2268 tuo.

357 2294 414 2329 Tu
429 2305 588 2339 quoque,
604 2293 633 2326 si
653 2292 777 2327 falsum
796 2299 846 2327 est
864 2293 1024 2328 temerati
1045 2294 1180 2328 crimen
1198 2294 1321 2337 amici,

403 2353 593 2400 Sanguinis
611 2360 715 2398 atque
732 2352 859 2388 animae
878 2354 1021 2400 prodige
1036 2381 1046 2399 ,
1064 2354 1190 2390 GALLE
1202 2381 1210 2397 ,
1229 2362 1309 2389 tuae.

357 2416 424 2451 His
441 2427 559 2451 comes
577 2414 702 2449 umbra
720 2420 780 2448 tua
796 2420 858 2448 est.

136 2496 199 2544 At
220 2492 392 2561 aliquot
414 2505 518 2561 post
546 2492 718 2542 Gallum
742 2491 871 2540 annis
895 2491 1109 2542 Tibullum
1135 2493 1320 2551 vixisse,
1345 2492 1462 2541 haud
1488 2495 1574 2543 ob-

141 2590 270 2622 scure
288 2570 456 2619 indicat
478 2570 693 2627 Ovidius,
719 2569 854 2618 Trist.
890 2568 966 2618 lib.
995 2572 1072 2628 lv,
1095 2570 1220 2633 Eleg.
1254 2585 1307 2629 Χ,
1332 2571 1464 2620 simul
1494 2572 1575 2620 do-

188 2704 200 2723 ¹
224 2701 317 2736 Vide
333 2715 411 2747 quae
427 2702 464 2737 in
486 2703 626 2737 Horatii
644 2703 725 2737 Vita
743 2702 943 2737 notavimus
959 2727 969 2746 ,
1001 2714 1075 2748 pag.
1097 2702 1163 2737 310
1185 2709 1220 2737 et
1240 2702 1313 2737 311.

182 2761 199 2780 ²
222 2758 296 2794 Lib.
316 2759 422 2804 Ltll,
441 2772 517 2805 pag.
537 2761 599 2795 513
616 2774 624 2801 ;
642 2759 710 2794 vid.
730 2759 858 2794 Horat.
875 2759 947 2794 Vit.
964 2771 1039 2804 pag.
1057 2760 1120 2794 208
1138 2766 1172 2794 et
1189 2772 1263 2806 2⁰9-
