<?xml version="1.0" encoding="UTF-8"?>
<!DOCTYPE html PUBLIC "-//W3C//DTD XHTML 1.0 Transitional//EN"
    "http://www.w3.org/TR/xhtml1/DTD/xhtml1-transitional.dtd">
<html xmlns="http://www.w3.org/1999/xhtml" xml:lang="en" lang="en">
 <head>
  <title>
</title>
<meta http-equiv="Content-Type" content="text/html;charset=utf-8" />
  <meta name='ocr-system' content='tesseract 3.04.00' />
  <meta name='ocr-capabilities' content='ocr_page ocr_carea ocr_par ocr_line ocrx_word'/>
</head>
<body>
  <div class='ocr_page' id='page_1' title='image "./quaeextantomniao08oviduoft_0403.png"; bbox 0 0 1794 3100; ppageno 0'>
   <div class='ocr_carea' id='block_1_1' title="bbox 437 263 1572 327">
    <p class='ocr_par' dir='ltr' id='par_1_1' title="bbox 437 263 1572 327">
     <span class='ocr_line' id='line_1_1' title="bbox 437 263 1572 327; baseline 0 -16"><span class='ocrx_word' id='word_1_1' title='bbox 437 265 527 312; x_wconf 82' lang='lat' dir='ltr'><strong>DE</strong></span> <span class='ocrx_word' id='word_1_2' title='bbox 559 265 919 310; x_wconf 87' lang='lat' dir='ltr'><strong>P.0V1D10</strong></span> <span class='ocrx_word' id='word_1_3' title='bbox 950 263 1266 318; x_wconf 73' lang='lat' dir='ltr'><strong>NASONE.</strong></span> <span class='ocrx_word' id='word_1_4' title='bbox 1485 267 1572 327; x_wconf 80' lang='lat'><strong>393</strong></span> 
     </span>
    </p>
   </div>
   <div class='ocr_carea' id='block_1_2' title="bbox 117 359 1579 1149">
    <p class='ocr_par' dir='ltr' id='par_1_2' title="bbox 136 359 1577 548">
     <span class='ocr_line' id='line_1_2' title="bbox 138 359 1577 417; baseline -0.001 -13"><span class='ocrx_word' id='word_1_5' title='bbox 138 361 499 414; x_wconf 73' lang='lat' dir='ltr'><strong>Metamorphoseon</strong></span> <span class='ocrx_word' id='word_1_6' title='bbox 516 389 529 410; x_wconf 86' lang='lat'>‚</span> <span class='ocrx_word' id='word_1_7' title='bbox 552 359 684 399; x_wconf 83' lang='lat' dir='ltr'><strong>in-fol.</strong></span> <span class='ocrx_word' id='word_1_8' title='bbox 699 359 896 400; x_wconf 85' lang='lat' dir='ltr'><strong>-Editio</strong></span> <span class='ocrx_word' id='word_1_9' title='bbox 916 359 1180 409; x_wconf 84' lang='lat' dir='ltr'><strong>vitiosissima,</strong></span> <span class='ocrx_word' id='word_1_10' title='bbox 1203 367 1242 399; x_wconf 88' lang='lat' dir='ltr'><strong>et</strong></span> <span class='ocrx_word' id='word_1_11' title='bbox 1257 359 1299 398; x_wconf 90' lang='lat' dir='ltr'><strong>in</strong></span> <span class='ocrx_word' id='word_1_12' title='bbox 1321 374 1394 413; x_wconf 90' lang='lat' dir='ltr'><strong>qua</strong></span> <span class='ocrx_word' id='word_1_13' title='bbox 1416 360 1577 417; x_wconf 84' lang='lat' dir='ltr'><strong>integrae</strong></span> 
     </span>
     <span class='ocr_line' id='line_1_3' title="bbox 137 426 1576 483; baseline -0.001 -14"><span class='ocrx_word' id='word_1_14' title='bbox 137 429 296 472; x_wconf 75' lang='lat' dir='ltr'>subinde</span> <span class='ocrx_word' id='word_1_15' title='bbox 315 427 463 483; x_wconf 83' lang='lat' dir='ltr'><strong>paginae</strong></span> <span class='ocrx_word' id='word_1_16' title='bbox 481 456 493 476; x_wconf 82' lang='lat'>‚</span> <span class='ocrx_word' id='word_1_17' title='bbox 504 427 789 481; x_wconf 80' lang='lat' dir='ltr'><strong>typothetarum</strong></span> <span class='ocrx_word' id='word_1_18' title='bbox 804 426 948 466; x_wconf 88' lang='lat' dir='ltr'><strong>incuria</strong></span> <span class='ocrx_word' id='word_1_19' title='bbox 960 426 1126 475; x_wconf 73' lang='lat' dir='ltr'><strong>omissae,</strong></span> <span class='ocrx_word' id='word_1_20' title='bbox 1138 426 1410 467; x_wconf 85' lang='lat' dir='ltr'><strong>desiderantur.</strong></span> <span class='ocrx_word' id='word_1_21' title='bbox 1428 428 1576 469; x_wconf 88' lang='lat' dir='ltr'><strong>Exem—</strong></span> 
     </span>
     <span class='ocr_line' id='line_1_4' title="bbox 136 490 1219 548; baseline -0.004 -14"><span class='ocrx_word' id='word_1_22' title='bbox 136 494 243 548; x_wconf 89' lang='lat' dir='ltr'><strong>plum</strong></span> <span class='ocrx_word' id='word_1_23' title='bbox 263 494 345 547; x_wconf 88' lang='lat' dir='ltr'><strong>ejus</strong></span> <span class='ocrx_word' id='word_1_24' title='bbox 366 500 538 534; x_wconf 84' lang='lat' dir='ltr'><strong>servatur</strong></span> <span class='ocrx_word' id='word_1_25' title='bbox 560 492 600 531; x_wconf 91' lang='lat' dir='ltr'><strong>in</strong></span> <span class='ocrx_word' id='word_1_26' title='bbox 622 491 722 531; x_wconf 91' lang='lat' dir='ltr'><strong>Bibl.</strong></span> <span class='ocrx_word' id='word_1_27' title='bbox 744 490 865 531; x_wconf 85' lang='lat' dir='ltr'><strong>Acad.</strong></span> <span class='ocrx_word' id='word_1_28' title='bbox 891 490 1219 547; x_wconf 84' lang='lat' dir='ltr'><strong>Heidelbergensi.</strong></span> 
     </span>
    </p>

    <p class='ocr_par' dir='ltr' id='par_1_3' title="bbox 117 560 1579 884">
     <span class='ocr_line' id='line_1_5' title="bbox 172 560 1577 604; baseline -0.001 0"><span class='ocrx_word' id='word_1_29' title='bbox 172 565 389 604; x_wconf 74' lang='lat' dir='ltr'><strong>Fastorum</strong></span> <span class='ocrx_word' id='word_1_30' title='bbox 412 562 499 602; x_wconf 80' lang='lat' dir='ltr'><strong>libri</strong></span> <span class='ocrx_word' id='word_1_31' title='bbox 524 577 611 602; x_wconf 89' lang='lat' dir='ltr'><strong>cum</strong></span> <span class='ocrx_word' id='word_1_32' title='bbox 633 569 837 603; x_wconf 63' lang='lat' dir='ltr'><strong>comment.</strong></span> <span class='ocrx_word' id='word_1_33' title='bbox 863 560 1031 602; x_wconf 85' lang='lat' dir='ltr'><strong>Antonii</strong></span> <span class='ocrx_word' id='word_1_34' title='bbox 1057 562 1275 602; x_wconf 86' lang='lat' dir='ltr'><strong>Constantii</strong></span> <span class='ocrx_word' id='word_1_35' title='bbox 1303 563 1497 603; x_wconf 83' lang='lat' dir='ltr'><strong>Fanensis.</strong></span> <span class='ocrx_word' id='word_1_36' title='bbox 1529 564 1577 603; x_wconf 92' lang='lat' dir='ltr'><strong>In</strong></span> 
     </span>
     <span class='ocr_line' id='line_1_6' title="bbox 117 627 1579 683; baseline 0 -14"><span class='ocrx_word' id='word_1_37' title='bbox 117 629 212 670; x_wconf 54' lang='lat' dir='ltr'><strong>dine</strong></span> <span class='ocrx_word' id='word_1_38' title='bbox 236 643 246 668; x_wconf 91' lang='lat'>:</span> <span class='ocrx_word' id='word_1_39' title='bbox 277 646 297 665; x_wconf 86' lang='lat'><strong><em>«</em></strong></span> <span class='ocrx_word' id='word_1_40' title='bbox 322 631 554 683; x_wconf 89' lang='lat' dir='ltr'><strong>Impressum</strong></span> <span class='ocrx_word' id='word_1_41' title='bbox 579 630 705 669; x_wconf 86' lang='lat' dir='ltr'><strong>Rome</strong></span> <span class='ocrx_word' id='word_1_42' title='bbox 725 644 794 682; x_wconf 88' lang='lat' dir='ltr'><strong>per</strong></span> <span class='ocrx_word' id='word_1_43' title='bbox 814 628 1049 669; x_wconf 86' lang='lat' dir='ltr'><strong>Eucharium</strong></span> <span class='ocrx_word' id='word_1_44' title='bbox 1078 627 1202 669; x_wconf 88' lang='lat' dir='ltr'><strong>Silber</strong></span> <span class='ocrx_word' id='word_1_45' title='bbox 1224 628 1309 668; x_wconf 90' lang='lat' dir='ltr'><strong>alias</strong></span> <span class='ocrx_word' id='word_1_46' title='bbox 1335 628 1484 669; x_wconf 83' lang='lat' dir='ltr'><strong>Franck</strong></span> <span class='ocrx_word' id='word_1_47' title='bbox 1505 644 1579 669; x_wconf 88' lang='lat' dir='ltr'><strong>na-</strong></span> 
     </span>
     <span class='ocr_line' id='line_1_7' title="bbox 133 695 1577 746; baseline -0.001 -8"><span class='ocrx_word' id='word_1_48' title='bbox 133 697 242 738; x_wconf 80' lang='lat' dir='ltr'><strong>tione</strong></span> <span class='ocrx_word' id='word_1_49' title='bbox 269 695 496 738; x_wconf 86' lang='lat' dir='ltr'><strong>Alemauum</strong></span> <span class='ocrx_word' id='word_1_50' title='bbox 527 696 572 736; x_wconf 92' lang='lat' dir='ltr'><strong>ab</strong></span> <span class='ocrx_word' id='word_1_51' title='bbox 607 695 726 737; x_wconf 84' lang='lat' dir='ltr'><strong>Anno</strong></span> <span class='ocrx_word' id='word_1_52' title='bbox 747 705 880 737; x_wconf 89' lang='lat' dir='ltr'><strong>nostre</strong></span> <span class='ocrx_word' id='word_1_53' title='bbox 911 696 1043 736; x_wconf 88' lang='lat' dir='ltr'><strong>salutis</strong></span> <span class='ocrx_word' id='word_1_54' title='bbox 1068 697 1121 736; x_wconf 90' lang='lat' dir='ltr'><strong>M.</strong></span> <span class='ocrx_word' id='word_1_55' title='bbox 1150 696 1310 737; x_wconf 91' lang='lat' dir='ltr'><strong>CCCC.</strong></span> <span class='ocrx_word' id='word_1_56' title='bbox 1333 698 1544 737; x_wconf 89' lang='lat' dir='ltr'>LXXXIX</span> <span class='ocrx_word' id='word_1_57' title='bbox 1564 725 1577 746; x_wconf 91' lang='lat'>‚</span> 
     </span>
     <span class='ocr_line' id='line_1_8' title="bbox 118 761 1578 812; baseline 0.001 -8"><span class='ocrx_word' id='word_1_58' title='bbox 118 761 197 804; x_wconf 35' lang='lat' dir='ltr'><strong>&#39;die</strong></span> <span class='ocrx_word' id='word_1_59' title='bbox 228 777 322 804; x_wconf 82' lang='lat' dir='ltr'><strong>vero</strong></span> <span class='ocrx_word' id='word_1_60' title='bbox 354 762 517 802; x_wconf 90' lang='lat' dir='ltr'><strong>Veneris</strong></span> <span class='ocrx_word' id='word_1_61' title='bbox 540 791 552 812; x_wconf 87' lang='lat'>‚</span> <span class='ocrx_word' id='word_1_62' title='bbox 585 773 697 802; x_wconf 83' lang='lat' dir='ltr'><strong>xxnl</strong></span> <span class='ocrx_word' id='word_1_63' title='bbox 726 762 865 803; x_wconf 89' lang='lat' dir='ltr'><strong>mensis</strong></span> <span class='ocrx_word' id='word_1_64' title='bbox 896 763 1094 804; x_wconf 80' lang='lat' dir='ltr'><strong>Octobris.</strong></span> <span class='ocrx_word' id='word_1_65' title='bbox 1113 780 1132 800; x_wconf 75' lang='lat' dir='ltr'><strong>n</strong></span> <span class='ocrx_word' id='word_1_66' title='bbox 1159 763 1294 805; x_wconf 81' lang='lat' dir='ltr'><strong>in-fol.</strong></span> <span class='ocrx_word' id='word_1_67' title='bbox 1318 787 1371 795; x_wconf 89' lang='lat'>-</span> <span class='ocrx_word' id='word_1_68' title='bbox 1407 766 1549 806; x_wconf 90' lang='lat' dir='ltr'><strong>Panzer</strong></span> <span class='ocrx_word' id='word_1_69' title='bbox 1566 778 1578 800; x_wconf 78' lang='lat'>²</span> 
     </span>
     <span class='ocr_line' id='line_1_9' title="bbox 119 825 541 884; baseline -0.002 -16"><span class='ocrx_word' id='word_1_70' title='bbox 119 836 231 868; x_wconf 74' lang='lat' dir='ltr'><strong>tom.</strong></span> <span class='ocrx_word' id='word_1_71' title='bbox 252 829 319 878; x_wconf 80' lang='lat'><strong>11,</strong></span> <span class='ocrx_word' id='word_1_72' title='bbox 338 842 410 884; x_wconf 86' lang='lat' dir='ltr'><strong>pag</strong></span> <span class='ocrx_word' id='word_1_73' title='bbox 444 825 541 883; x_wconf 76' lang='grc'><strong>495.</strong></span> 
     </span>
    </p>

    <p class='ocr_par' dir='ltr' id='par_1_4' title="bbox 133 894 1576 1149">
     <span class='ocr_line' id='line_1_10' title="bbox 187 894 1574 937; baseline 0.001 -2"><span class='ocrx_word' id='word_1_74' title='bbox 187 896 393 936; x_wconf 86' lang='lat' dir='ltr'><strong>Fastorum</strong></span> <span class='ocrx_word' id='word_1_75' title='bbox 413 894 500 934; x_wconf 88' lang='lat' dir='ltr'><strong>libri</strong></span> <span class='ocrx_word' id='word_1_76' title='bbox 522 910 610 935; x_wconf 89' lang='lat' dir='ltr'><strong>cum</strong></span> <span class='ocrx_word' id='word_1_77' title='bbox 633 904 837 937; x_wconf 90' lang='lat' dir='ltr'><strong>comment.</strong></span> <span class='ocrx_word' id='word_1_78' title='bbox 860 896 971 936; x_wconf 91' lang='lat' dir='ltr'><strong>Pauli</strong></span> <span class='ocrx_word' id='word_1_79' title='bbox 996 896 1126 936; x_wconf 89' lang='lat' dir='ltr'><strong>Marsi.</strong></span> <span class='ocrx_word' id='word_1_80' title='bbox 1146 897 1194 935; x_wconf 90' lang='lat' dir='ltr'><strong>In</strong></span> <span class='ocrx_word' id='word_1_81' title='bbox 1214 895 1313 936; x_wconf 89' lang='lat' dir='ltr'><strong>fine:</strong></span> <span class='ocrx_word' id='word_1_82' title='bbox 1334 913 1355 931; x_wconf 88' lang='lat'>«</span> <span class='ocrx_word' id='word_1_83' title='bbox 1379 896 1574 937; x_wconf 82' lang='lat' dir='ltr'><strong>Literariae</strong></span> 
     </span>
     <span class='ocr_line' id='line_1_11' title="bbox 134 960 1572 1018; baseline 0.001 -16"><span class='ocrx_word' id='word_1_84' title='bbox 134 961 334 1002; x_wconf 77' lang='lat' dir='ltr'><strong>sodalitati</strong></span> <span class='ocrx_word' id='word_1_85' title='bbox 362 983 417 992; x_wconf 94' lang='lat'><strong>—-</strong></span> <span class='ocrx_word' id='word_1_86' title='bbox 440 960 598 1003; x_wconf 89' lang='lat' dir='ltr'><strong>Gabriel</strong></span> <span class='ocrx_word' id='word_1_87' title='bbox 625 962 804 1018; x_wconf 82' lang='lat' dir='ltr'><strong>Conagus</strong></span> <span class='ocrx_word' id='word_1_88' title='bbox 821 992 833 1012; x_wconf 83' lang='lat'>‚</span> <span class='ocrx_word' id='word_1_89' title='bbox 862 963 952 1005; x_wconf 85' lang='lat' dir='ltr'><strong>civis</strong></span> <span class='ocrx_word' id='word_1_90' title='bbox 983 962 1280 1003; x_wconf 88' lang='lat' dir='ltr'><strong>Mediolanensis</strong></span> <span class='ocrx_word' id='word_1_91' title='bbox 1307 962 1353 1002; x_wconf 77' lang='lat' dir='ltr'><strong>ab</strong></span> <span class='ocrx_word' id='word_1_92' title='bbox 1389 962 1572 1003; x_wconf 87' lang='lat' dir='ltr'><strong>Ulderico</strong></span> 
     </span>
     <span class='ocr_line' id='line_1_12' title="bbox 135 1025 1576 1084; baseline 0.002 -18"><span class='ocrx_word' id='word_1_93' title='bbox 135 1025 397 1068; x_wconf 82' lang='lat' dir='ltr'><strong>Scinzenzeler</strong></span> <span class='ocrx_word' id='word_1_94' title='bbox 422 1028 670 1069; x_wconf 87' lang='lat' dir='ltr'><strong>Theutonico</strong></span> <span class='ocrx_word' id='word_1_95' title='bbox 694 1044 761 1070; x_wconf 91' lang='lat' dir='ltr'><strong>sua</strong></span> <span class='ocrx_word' id='word_1_96' title='bbox 788 1044 903 1083; x_wconf 87' lang='lat' dir='ltr'><strong>opera</strong></span> <span class='ocrx_word' id='word_1_97' title='bbox 933 1037 972 1070; x_wconf 90' lang='lat' dir='ltr'><strong>et</strong></span> <span class='ocrx_word' id='word_1_98' title='bbox 997 1030 1165 1084; x_wconf 87' lang='lat' dir='ltr'><strong>impensa</strong></span> <span class='ocrx_word' id='word_1_99' title='bbox 1182 1029 1476 1084; x_wconf 88' lang='lat' dir='ltr'><strong>imprimendum</strong></span> <span class='ocrx_word' id='word_1_100' title='bbox 1499 1044 1576 1069; x_wconf 77' lang='lat' dir='ltr'><strong>cu-</strong></span> 
     </span>
     <span class='ocr_line' id='line_1_13' title="bbox 133 1091 1568 1149; baseline -0.001 -18"><span class='ocrx_word' id='word_1_101' title='bbox 133 1091 241 1133; x_wconf 81' lang='lat' dir='ltr'><strong>ravit.</strong></span> <span class='ocrx_word' id='word_1_102' title='bbox 262 1091 382 1134; x_wconf 87' lang='lat' dir='ltr'><strong>Anno</strong></span> <span class='ocrx_word' id='word_1_103' title='bbox 399 1093 530 1134; x_wconf 92' lang='lat' dir='ltr'><strong>salutis</strong></span> <span class='ocrx_word' id='word_1_104' title='bbox 545 1093 952 1135; x_wconf 82' lang='lat' dir='ltr'><strong>MCCCCLXXXIX</strong></span> <span class='ocrx_word' id='word_1_105' title='bbox 970 1123 981 1144; x_wconf 85' lang='lat'>‚</span> <span class='ocrx_word' id='word_1_106' title='bbox 1005 1104 1143 1149; x_wconf 85' lang='lat' dir='ltr'><strong>quarto</strong></span> <span class='ocrx_word' id='word_1_107' title='bbox 1167 1095 1258 1135; x_wconf 89' lang='lat' dir='ltr'><strong>Idus</strong></span> <span class='ocrx_word' id='word_1_108' title='bbox 1283 1094 1533 1137; x_wconf 87' lang='lat' dir='ltr'><strong>Novembris.</strong></span> <span class='ocrx_word' id='word_1_109' title='bbox 1547 1110 1568 1130; x_wconf 73' lang='lat' dir='ltr'><strong>n</strong></span> 
     </span>
    </p>
   </div>
   <div class='ocr_carea' id='block_1_3' title="bbox 134 1156 912 1306">
    <p class='ocr_par' dir='ltr' id='par_1_5' title="bbox 134 1156 912 1306">
     <span class='ocr_line' id='line_1_14' title="bbox 134 1156 907 1218; baseline 0.006 -22"><span class='ocrx_word' id='word_1_110' title='bbox 134 1156 264 1201; x_wconf 81' lang='lat' dir='ltr'><strong>in-fol.</strong></span> <span class='ocrx_word' id='word_1_111' title='bbox 277 1183 333 1191; x_wconf 90' lang='lat'>—</span> <span class='ocrx_word' id='word_1_112' title='bbox 344 1161 486 1202; x_wconf 85' lang='lat' dir='ltr'><strong>Panzer</strong></span> <span class='ocrx_word' id='word_1_113' title='bbox 500 1190 511 1212; x_wconf 84' lang='lat'>‚</span> <span class='ocrx_word' id='word_1_114' title='bbox 533 1169 626 1203; x_wconf 92' lang='lat' dir='ltr'><strong>tom.</strong></span> <span class='ocrx_word' id='word_1_115' title='bbox 652 1162 713 1211; x_wconf 86' lang='grc' dir='ltr'><strong>ΙΙ,</strong></span> <span class='ocrx_word' id='word_1_116' title='bbox 738 1177 822 1218; x_wconf 86' lang='lat' dir='ltr'><strong>pag.</strong></span> <span class='ocrx_word' id='word_1_117' title='bbox 843 1161 907 1218; x_wconf 86' lang='lat'><strong>59.</strong></span> 
     </span>
     <span class='ocr_line' id='line_1_15' title="bbox 795 1249 912 1306; baseline 0.026 -18"><span class='ocrx_word' id='word_1_118' title='bbox 795 1249 912 1306; x_wconf 64' lang='lat'><strong>1490.</strong></span> 
     </span>
    </p>
   </div>
   <div class='ocr_carea' id='block_1_4' title="bbox 132 1324 1573 1449">
    <p class='ocr_par' dir='ltr' id='par_1_6' title="bbox 132 1324 1573 1449">
     <span class='ocr_line' id='line_1_16' title="bbox 185 1324 1573 1378; baseline 0.001 -15"><span class='ocrx_word' id='word_1_119' title='bbox 185 1324 373 1378; x_wconf 84' lang='lat' dir='ltr'><strong>Epistolae</strong></span> <span class='ocrx_word' id='word_1_120' title='bbox 395 1341 484 1366; x_wconf 91' lang='lat' dir='ltr'><strong>cum</strong></span> <span class='ocrx_word' id='word_1_121' title='bbox 505 1335 713 1367; x_wconf 90' lang='lat' dir='ltr'><strong>comment.</strong></span> <span class='ocrx_word' id='word_1_122' title='bbox 747 1326 843 1368; x_wconf 89' lang='lat' dir='ltr'><strong>Ant.</strong></span> <span class='ocrx_word' id='word_1_123' title='bbox 879 1328 1033 1378; x_wconf 85' lang='lat' dir='ltr'><strong>Volsci,</strong></span> <span class='ocrx_word' id='word_1_124' title='bbox 1067 1328 1108 1368; x_wconf 92' lang='lat' dir='ltr'><strong>in</strong></span> <span class='ocrx_word' id='word_1_125' title='bbox 1134 1327 1222 1367; x_wconf 85' lang='lat' dir='ltr'><strong>Ibin</strong></span> <span class='ocrx_word' id='word_1_126' title='bbox 1246 1342 1334 1368; x_wconf 91' lang='lat' dir='ltr'><strong>cum</strong></span> <span class='ocrx_word' id='word_1_127' title='bbox 1368 1334 1573 1367; x_wconf 86' lang='lat' dir='ltr'><strong>comment.</strong></span> 
     </span>
     <span class='ocr_line' id='line_1_17' title="bbox 132 1390 1572 1449; baseline 0 -17"><span class='ocrx_word' id='word_1_128' title='bbox 132 1390 336 1432; x_wconf 87' lang='lat' dir='ltr'><strong>Calderini.</strong></span> <span class='ocrx_word' id='word_1_129' title='bbox 363 1393 411 1431; x_wconf 91' lang='lat' dir='ltr'><strong>In</strong></span> <span class='ocrx_word' id='word_1_130' title='bbox 434 1392 509 1433; x_wconf 90' lang='lat' dir='ltr'><strong>fine</strong></span> <span class='ocrx_word' id='word_1_131' title='bbox 531 1407 539 1431; x_wconf 92' lang='lat'><strong>:</strong></span> <span class='ocrx_word' id='word_1_132' title='bbox 569 1410 588 1427; x_wconf 76' lang='grc' dir='ltr'><strong><em>κ</em></strong></span> <span class='ocrx_word' id='word_1_133' title='bbox 614 1392 785 1434; x_wconf 89' lang='lat' dir='ltr'><strong>Venetiis</strong></span> <span class='ocrx_word' id='word_1_134' title='bbox 803 1424 815 1444; x_wconf 84' lang='lat'><strong>‚</strong></span> <span class='ocrx_word' id='word_1_135' title='bbox 840 1410 909 1449; x_wconf 91' lang='lat' dir='ltr'><strong>per</strong></span> <span class='ocrx_word' id='word_1_136' title='bbox 927 1396 1107 1435; x_wconf 88' lang='lat' dir='ltr'><strong>Lazarum</strong></span> <span class='ocrx_word' id='word_1_137' title='bbox 1129 1395 1175 1434; x_wconf 90' lang='lat' dir='ltr'><strong>de</strong></span> <span class='ocrx_word' id='word_1_138' title='bbox 1203 1393 1368 1435; x_wconf 90' lang='lat' dir='ltr'><strong>lsoardis</strong></span> <span class='ocrx_word' id='word_1_139' title='bbox 1387 1393 1434 1433; x_wconf 88' lang='lat' dir='ltr'><strong>de</strong></span> <span class='ocrx_word' id='word_1_140' title='bbox 1458 1392 1572 1433; x_wconf 86' lang='lat' dir='ltr'><strong>Savi-</strong></span> 
     </span>
    </p>
   </div>
   <div class='ocr_carea' id='block_1_5' title="bbox 104 1457 1568 1849">
    <p class='ocr_par' dir='ltr' id='par_1_7' title="bbox 104 1457 1567 1581">
     <span class='ocr_line' id='line_1_18' title="bbox 129 1457 1567 1514; baseline 0.003 -17"><span class='ocrx_word' id='word_1_141' title='bbox 129 1457 252 1509; x_wconf 80' lang='lat' dir='ltr'><strong>liano,</strong></span> <span class='ocrx_word' id='word_1_142' title='bbox 277 1457 338 1499; x_wconf 86' lang='lat' dir='ltr'><strong>die</strong></span> <span class='ocrx_word' id='word_1_143' title='bbox 349 1469 407 1499; x_wconf 82' lang='lat' dir='ltr'><strong>xx</strong></span> <span class='ocrx_word' id='word_1_144' title='bbox 423 1458 568 1514; x_wconf 87' lang='lat' dir='ltr'><strong>Aprilis</strong></span> <span class='ocrx_word' id='word_1_145' title='bbox 586 1460 641 1499; x_wconf 88' lang='lat' dir='ltr'><strong>M.</strong></span> <span class='ocrx_word' id='word_1_146' title='bbox 658 1459 820 1502; x_wconf 87' lang='lat' dir='ltr'><strong>CCCC.</strong></span> <span class='ocrx_word' id='word_1_147' title='bbox 835 1462 923 1502; x_wconf 91' lang='lat' dir='ltr'><strong>XC.</strong></span> <span class='ocrx_word' id='word_1_148' title='bbox 942 1481 962 1498; x_wconf 89' lang='lat'>»</span> <span class='ocrx_word' id='word_1_149' title='bbox 981 1462 1113 1502; x_wconf 87' lang='lat' dir='ltr'><strong>in-fol.</strong></span> <span class='ocrx_word' id='word_1_150' title='bbox 1124 1463 1327 1501; x_wconf 86' lang='lat' dir='ltr'><strong>—Panzer</strong></span> <span class='ocrx_word' id='word_1_151' title='bbox 1340 1491 1351 1512; x_wconf 87' lang='lat'><strong>‚</strong></span> <span class='ocrx_word' id='word_1_152' title='bbox 1365 1468 1461 1501; x_wconf 86' lang='lat' dir='ltr'><strong>tom·</strong></span> <span class='ocrx_word' id='word_1_153' title='bbox 1479 1461 1540 1499; x_wconf 86' lang='lat' dir='ltr'><strong>III</strong></span> <span class='ocrx_word' id='word_1_154' title='bbox 1554 1487 1567 1508; x_wconf 81' lang='lat'>‚</span> 
     </span>
     <span class='ocr_line' id='line_1_19' title="bbox 104 1537 1193 1581; baseline 0.003 -3"><span class='ocrx_word' id='word_1_155' title='bbox 104 1543 108 1546; x_wconf 88' lang='lat'>&#39;</span> <span class='ocrx_word' id='word_1_156' title='bbox 130 1537 215 1580; x_wconf 66' lang='lat' dir='ltr'><strong>Pag·</strong></span> <span class='ocrx_word' id='word_1_157' title='bbox 240 1538 333 1580; x_wconf 78' lang='lat'><strong>292·</strong></span> <span class='ocrx_word' id='word_1_158' title='bbox 1191 1579 1193 1581; x_wconf 87' lang='lat'><strong>.</strong></span> 
     </span>
    </p>

    <p class='ocr_par' dir='ltr' id='par_1_8' title="bbox 123 1590 1568 1849">
     <span class='ocr_line' id='line_1_20' title="bbox 180 1590 1566 1650; baseline 0.002 -21"><span class='ocrx_word' id='word_1_159' title='bbox 180 1590 356 1644; x_wconf 82' lang='lat' dir='ltr'><strong>Epistola</strong></span> <span class='ocrx_word' id='word_1_160' title='bbox 380 1593 508 1646; x_wconf 88' lang='lat' dir='ltr'><strong>Sapho</strong></span> <span class='ocrx_word' id='word_1_161' title='bbox 530 1592 708 1643; x_wconf 80' lang='lat' dir='ltr'><strong>Phaoni,</strong></span> <span class='ocrx_word' id='word_1_162' title='bbox 731 1610 820 1635; x_wconf 92' lang='lat' dir='ltr'><strong>cum</strong></span> <span class='ocrx_word' id='word_1_163' title='bbox 837 1594 1153 1650; x_wconf 86' lang='lat' dir='ltr'><strong>interpretatione</strong></span> <span class='ocrx_word' id='word_1_164' title='bbox 1176 1594 1340 1636; x_wconf 88' lang='lat' dir='ltr'><strong>Domitii</strong></span> <span class='ocrx_word' id='word_1_165' title='bbox 1361 1593 1566 1635; x_wconf 89' lang='lat' dir='ltr'><strong>Calderini.</strong></span> 
     </span>
     <span class='ocr_line' id='line_1_21' title="bbox 129 1653 1568 1718; baseline 0.003 -23"><span class='ocrx_word' id='word_1_166' title='bbox 129 1653 195 1696; x_wconf 87' lang='lat' dir='ltr'><strong>Ad</strong></span> <span class='ocrx_word' id='word_1_167' title='bbox 218 1656 357 1697; x_wconf 85' lang='lat' dir='ltr'><strong>calcem</strong></span> <span class='ocrx_word' id='word_1_168' title='bbox 381 1672 390 1695; x_wconf 90' lang='lat'>:</span> <span class='ocrx_word' id='word_1_169' title='bbox 418 1674 438 1692; x_wconf 73' lang='grc' dir='ltr'><strong>α</strong></span> <span class='ocrx_word' id='word_1_170' title='bbox 459 1658 647 1713; x_wconf 85' lang='lat' dir='ltr'><strong>Impressa</strong></span> <span class='ocrx_word' id='word_1_171' title='bbox 667 1660 840 1701; x_wconf 87' lang='lat' dir='ltr'><strong>Venetiis</strong></span> <span class='ocrx_word' id='word_1_172' title='bbox 872 1677 941 1715; x_wconf 87' lang='lat' dir='ltr'><strong>per</strong></span> <span class='ocrx_word' id='word_1_173' title='bbox 963 1663 1187 1718; x_wconf 83' lang='lat' dir='ltr'><strong>magistrum</strong></span> <span class='ocrx_word' id='word_1_174' title='bbox 1210 1660 1399 1702; x_wconf 89' lang='lat' dir='ltr'><strong>Jacobum</strong></span> <span class='ocrx_word' id='word_1_175' title='bbox 1422 1661 1468 1700; x_wconf 89' lang='lat' dir='ltr'><strong>de</strong></span> <span class='ocrx_word' id='word_1_176' title='bbox 1489 1661 1568 1700; x_wconf 86' lang='lat' dir='ltr'><strong>Pa·-</strong></span> 
     </span>
     <span class='ocr_line' id='line_1_22' title="bbox 127 1723 1566 1779; baseline 0.003 -16"><span class='ocrx_word' id='word_1_177' title='bbox 127 1723 272 1779; x_wconf 82' lang='lat' dir='ltr'><strong>ganinis</strong></span> <span class='ocrx_word' id='word_1_178' title='bbox 303 1724 538 1765; x_wconf 85' lang='lat' dir='ltr'><strong>Brixiensem</strong></span> <span class='ocrx_word' id='word_1_179' title='bbox 556 1755 567 1774; x_wconf 94' lang='lat'><strong>‚</strong></span> <span class='ocrx_word' id='word_1_180' title='bbox 592 1727 648 1766; x_wconf 90' lang='lat' dir='ltr'><strong>M.</strong></span> <span class='ocrx_word' id='word_1_181' title='bbox 676 1727 837 1768; x_wconf 89' lang='lat' dir='ltr'><strong>CCCC.</strong></span> <span class='ocrx_word' id='word_1_182' title='bbox 871 1731 1086 1779; x_wconf 84' lang='lat' dir='ltr'>LXXXX,</span> <span class='ocrx_word' id='word_1_183' title='bbox 1114 1741 1244 1770; x_wconf 86' lang='lat' dir='ltr'><strong>xxuu</strong></span> <span class='ocrx_word' id='word_1_184' title='bbox 1277 1728 1512 1771; x_wconf 83' lang='lat' dir='ltr'><strong>Decembris.</strong></span> <span class='ocrx_word' id='word_1_185' title='bbox 1548 1746 1566 1762; x_wconf 81' lang='lat' dir='ltr'>n</span> 
     </span>
     <span class='ocr_line' id='line_1_23' title="bbox 123 1787 862 1849; baseline 0.008 -23"><span class='ocrx_word' id='word_1_186' title='bbox 123 1787 258 1829; x_wconf 82' lang='lat' dir='ltr'><strong>in-fol.</strong></span> <span class='ocrx_word' id='word_1_187' title='bbox 281 1812 337 1820; x_wconf 96' lang='lat'><strong>—</strong></span> <span class='ocrx_word' id='word_1_188' title='bbox 354 1789 475 1831; x_wconf 86' lang='lat' dir='ltr'><strong>Denis</strong></span> <span class='ocrx_word' id='word_1_189' title='bbox 497 1792 632 1846; x_wconf 87' lang='lat' dir='ltr'><strong>suppl.</strong></span> <span class='ocrx_word' id='word_1_190' title='bbox 656 1807 742 1849; x_wconf 87' lang='lat' dir='ltr'><strong>pag.</strong></span> <span class='ocrx_word' id='word_1_191' title='bbox 770 1791 862 1849; x_wconf 84' lang='lat'><strong>293.</strong></span> 
     </span>
    </p>
   </div>
   <div class='ocr_carea' id='block_1_6' title="bbox 72 1882 1566 2681">
    <p class='ocr_par' dir='ltr' id='par_1_9' title="bbox 794 1882 909 1939">
     <span class='ocr_line' id='line_1_24' title="bbox 794 1882 909 1939; baseline 0 -16"><span class='ocrx_word' id='word_1_192' title='bbox 794 1882 909 1939; x_wconf 68' lang='lat'><strong>1491.</strong></span> 
     </span>
    </p>

    <p class='ocr_par' dir='ltr' id='par_1_10' title="bbox 72 1954 1566 2344">
     <span class='ocr_line' id='line_1_25' title="bbox 176 1954 1565 2013; baseline 0.004 -19"><span class='ocrx_word' id='word_1_193' title='bbox 176 1954 364 2007; x_wconf 77' lang='lat' dir='ltr'><strong>Epistulae</strong></span> <span class='ocrx_word' id='word_1_194' title='bbox 379 1971 467 1997; x_wconf 88' lang='lat' dir='ltr'><strong>cum</strong></span> <span class='ocrx_word' id='word_1_195' title='bbox 488 1957 631 2012; x_wconf 87' lang='lat' dir='ltr'><strong>duplici</strong></span> <span class='ocrx_word' id='word_1_196' title='bbox 649 1968 869 2000; x_wconf 87' lang='lat' dir='ltr'><strong>commento</strong></span> <span class='ocrx_word' id='word_1_197' title='bbox 889 1959 1019 2013; x_wconf 85' lang='lat' dir='ltr'><strong>(Ant.</strong></span> <span class='ocrx_word' id='word_1_198' title='bbox 1046 1959 1179 2000; x_wconf 88' lang='lat' dir='ltr'><strong>Volsci</strong></span> <span class='ocrx_word' id='word_1_199' title='bbox 1206 1968 1245 2000; x_wconf 85' lang='lat' dir='ltr'><strong>et</strong></span> <span class='ocrx_word' id='word_1_200' title='bbox 1264 1960 1447 2000; x_wconf 86' lang='lat' dir='ltr'><strong>Ubertini</strong></span> <span class='ocrx_word' id='word_1_201' title='bbox 1468 1961 1565 2001; x_wconf 90' lang='lat' dir='ltr'><strong>Cle-</strong></span> 
     </span>
     <span class='ocr_line' id='line_1_26' title="bbox 123 2021 1566 2082; baseline 0.007 -21"><span class='ocrx_word' id='word_1_202' title='bbox 123 2021 236 2075; x_wconf 85' lang='lat' dir='ltr'><strong>rici.)</strong></span> <span class='ocrx_word' id='word_1_203' title='bbox 268 2025 314 2063; x_wconf 91' lang='lat' dir='ltr'><strong>In</strong></span> <span class='ocrx_word' id='word_1_204' title='bbox 336 2023 412 2066; x_wconf 84' lang='lat' dir='ltr'><strong>fine</strong></span> <span class='ocrx_word' id='word_1_205' title='bbox 435 2039 444 2063; x_wconf 71' lang='grc' dir='ltr'><strong><em>ε</em></strong></span> <span class='ocrx_word' id='word_1_206' title='bbox 473 2042 494 2060; x_wconf 76' lang='grc' dir='ltr'><strong>«ι</strong></span> <span class='ocrx_word' id='word_1_207' title='bbox 528 2026 618 2066; x_wconf 88' lang='lat' dir='ltr'><strong>Hoc</strong></span> <span class='ocrx_word' id='word_1_208' title='bbox 647 2041 745 2081; x_wconf 88' lang='lat' dir='ltr'><strong>opus</strong></span> <span class='ocrx_word' id='word_1_209' title='bbox 772 2027 972 2082; x_wconf 86' lang='lat' dir='ltr'><strong>Philippus</strong></span> <span class='ocrx_word' id='word_1_210' title='bbox 1004 2028 1161 2068; x_wconf 89' lang='lat' dir='ltr'><strong>Pincius</strong></span> <span class='ocrx_word' id='word_1_211' title='bbox 1196 2029 1426 2071; x_wconf 89' lang='lat' dir='ltr'><strong>Mantuanus</strong></span> <span class='ocrx_word' id='word_1_212' title='bbox 1453 2045 1566 2070; x_wconf 91' lang='lat' dir='ltr'><strong>accu-</strong></span> 
     </span>
     <span class='ocr_line' id='line_1_27' title="bbox 122 2088 1564 2150; baseline 0.008 -23"><span class='ocrx_word' id='word_1_213' title='bbox 122 2088 307 2129; x_wconf 88' lang='lat' dir='ltr'><strong>ratissime</strong></span> <span class='ocrx_word' id='word_1_214' title='bbox 330 2089 609 2147; x_wconf 84' lang='lat' dir='ltr'><strong>diligenterque</strong></span> <span class='ocrx_word' id='word_1_215' title='bbox 629 2092 846 2147; x_wconf 88' lang='lat' dir='ltr'><strong>imprimere</strong></span> <span class='ocrx_word' id='word_1_216' title='bbox 869 2095 1030 2135; x_wconf 82' lang='lat' dir='ltr'><strong>adnixus</strong></span> <span class='ocrx_word' id='word_1_217' title='bbox 1054 2105 1132 2143; x_wconf 83' lang='lat' dir='ltr'><strong>est3</strong></span> <span class='ocrx_word' id='word_1_218' title='bbox 1157 2096 1274 2150; x_wconf 90' lang='lat' dir='ltr'><strong>idque</strong></span> <span class='ocrx_word' id='word_1_219' title='bbox 1294 2099 1381 2138; x_wconf 88' lang='lat' dir='ltr'><strong>Deo</strong></span> <span class='ocrx_word' id='word_1_220' title='bbox 1401 2098 1564 2139; x_wconf 87' lang='lat' dir='ltr'><strong>maximo</strong></span> 
     </span>
     <span class='ocr_line' id='line_1_28' title="bbox 122 2154 1560 2217; baseline 0.007 -23"><span class='ocrx_word' id='word_1_221' title='bbox 122 2154 219 2195; x_wconf 88' lang='lat' dir='ltr'><strong>bene</strong></span> <span class='ocrx_word' id='word_1_222' title='bbox 239 2156 389 2209; x_wconf 83' lang='lat' dir='ltr'><strong>juvante</strong></span> <span class='ocrx_word' id='word_1_223' title='bbox 410 2156 538 2197; x_wconf 83' lang='lat' dir='ltr'><strong>effecit</strong></span> <span class='ocrx_word' id='word_1_224' title='bbox 558 2159 731 2200; x_wconf 89' lang='lat' dir='ltr'><strong>Venetiis</strong></span> <span class='ocrx_word' id='word_1_225' title='bbox 749 2190 760 2210; x_wconf 87' lang='lat'>‚</span> <span class='ocrx_word' id='word_1_226' title='bbox 777 2175 876 2201; x_wconf 90' lang='lat' dir='ltr'><strong>anno</strong></span> <span class='ocrx_word' id='word_1_227' title='bbox 901 2162 957 2200; x_wconf 90' lang='lat' dir='ltr'><strong>M.</strong></span> <span class='ocrx_word' id='word_1_228' title='bbox 983 2161 1143 2202; x_wconf 91' lang='lat' dir='ltr'><strong>CCCC.</strong></span> <span class='ocrx_word' id='word_1_229' title='bbox 1169 2163 1376 2202; x_wconf 86' lang='lat' dir='ltr'><strong>LXXXXI</strong></span> <span class='ocrx_word' id='word_1_230' title='bbox 1389 2192 1400 2211; x_wconf 86' lang='lat'>‚</span> <span class='ocrx_word' id='word_1_231' title='bbox 1424 2172 1560 2217; x_wconf 84' lang='lat' dir='ltr'><strong>quarto</strong></span> 
     </span>
     <span class='ocr_line' id='line_1_29' title="bbox 72 2219 1562 2281; baseline 0.007 -23"><span class='ocrx_word' id='word_1_232' title='bbox 72 2269 78 2273; x_wconf 30' lang='lat'>¹</span> <span class='ocrx_word' id='word_1_233' title='bbox 118 2233 237 2260; x_wconf 89' lang='lat' dir='ltr'><strong>nonas</strong></span> <span class='ocrx_word' id='word_1_234' title='bbox 272 2219 478 2260; x_wconf 85' lang='lat' dir='ltr'><strong>Februarii.</strong></span> <span class='ocrx_word' id='word_1_235' title='bbox 508 2239 528 2257; x_wconf 76' lang='lat' dir='ltr'>n</span> <span class='ocrx_word' id='word_1_236' title='bbox 567 2222 702 2263; x_wconf 84' lang='lat' dir='ltr'><strong>in—fol.</strong></span> <span class='ocrx_word' id='word_1_237' title='bbox 726 2247 781 2254; x_wconf 89' lang='lat'><strong>—</strong></span> <span class='ocrx_word' id='word_1_238' title='bbox 818 2225 938 2266; x_wconf 90' lang='lat' dir='ltr'><strong>Denis</strong></span> <span class='ocrx_word' id='word_1_239' title='bbox 965 2227 1099 2280; x_wconf 87' lang='lat' dir='ltr'><strong>Suppl.</strong></span> <span class='ocrx_word' id='word_1_240' title='bbox 1124 2241 1209 2281; x_wconf 87' lang='lat' dir='ltr'><strong>pag.</strong></span> <span class='ocrx_word' id='word_1_241' title='bbox 1240 2225 1344 2274; x_wconf 72' lang='lat'><strong>3123</strong></span> <span class='ocrx_word' id='word_1_242' title='bbox 1387 2228 1529 2269; x_wconf 87' lang='lat' dir='ltr'><strong>Panzer</strong></span> <span class='ocrx_word' id='word_1_243' title='bbox 1551 2258 1562 2280; x_wconf 92' lang='lat'>‚</span> 
     </span>
     <span class='ocr_line' id='line_1_30' title="bbox 118 2286 548 2344; baseline -0.002 -18"><span class='ocrx_word' id='word_1_244' title='bbox 118 2294 214 2326; x_wconf 86' lang='lat' dir='ltr'><strong>tom.</strong></span> <span class='ocrx_word' id='word_1_245' title='bbox 239 2288 325 2336; x_wconf 90' lang='lat' dir='ltr'><strong>Ill,</strong></span> <span class='ocrx_word' id='word_1_246' title='bbox 349 2302 433 2344; x_wconf 86' lang='lat' dir='ltr'><strong>pag.</strong></span> <span class='ocrx_word' id='word_1_247' title='bbox 455 2286 548 2328; x_wconf 86' lang='grc'><strong>306.</strong></span> 
     </span>
    </p>

    <p class='ocr_par' dir='ltr' id='par_1_11' title="bbox 114 2352 1558 2681">
     <span class='ocr_line' id='line_1_31' title="bbox 173 2352 1558 2407; baseline 0.007 -16"><span class='ocrx_word' id='word_1_248' title='bbox 173 2352 361 2407; x_wconf 86' lang='lat' dir='ltr'><strong>Epistolae</strong></span> <span class='ocrx_word' id='word_1_249' title='bbox 389 2354 606 2394; x_wconf 89' lang='lat' dir='ltr'><strong>Heroidum</strong></span> <span class='ocrx_word' id='word_1_250' title='bbox 626 2370 714 2394; x_wconf 89' lang='lat' dir='ltr'><strong>cum</strong></span> <span class='ocrx_word' id='word_1_251' title='bbox 736 2367 941 2398; x_wconf 87' lang='lat' dir='ltr'><strong>comment.</strong></span> <span class='ocrx_word' id='word_1_252' title='bbox 962 2358 1060 2400; x_wconf 88' lang='lat' dir='ltr'><strong>Ant.</strong></span> <span class='ocrx_word' id='word_1_253' title='bbox 1083 2360 1228 2400; x_wconf 91' lang='lat' dir='ltr'><strong>Volsci.</strong></span> <span class='ocrx_word' id='word_1_254' title='bbox 1249 2360 1452 2401; x_wconf 88' lang='lat' dir='ltr'><strong>Accedunt</strong></span> <span class='ocrx_word' id='word_1_255' title='bbox 1467 2364 1558 2402; x_wconf 93' lang='lat' dir='ltr'><strong>Do-</strong></span> 
     </span>
     <span class='ocr_line' id='line_1_32' title="bbox 117 2420 1552 2477; baseline 0.006 -17"><span class='ocrx_word' id='word_1_256' title='bbox 117 2420 215 2460; x_wconf 84' lang='lat' dir='ltr'><strong>mitii</strong></span> <span class='ocrx_word' id='word_1_257' title='bbox 257 2420 450 2462; x_wconf 88' lang='lat' dir='ltr'><strong>Calderini</strong></span> <span class='ocrx_word' id='word_1_258' title='bbox 479 2423 748 2463; x_wconf 87' lang='lat' dir='ltr'><strong>commentaria</strong></span> <span class='ocrx_word' id='word_1_259' title='bbox 778 2424 818 2463; x_wconf 90' lang='lat' dir='ltr'><strong>in</strong></span> <span class='ocrx_word' id='word_1_260' title='bbox 843 2427 971 2477; x_wconf 89' lang='lat' dir='ltr'><strong>Sapho</strong></span> <span class='ocrx_word' id='word_1_261' title='bbox 995 2436 1033 2467; x_wconf 87' lang='lat' dir='ltr'><strong>et</strong></span> <span class='ocrx_word' id='word_1_262' title='bbox 1066 2427 1151 2467; x_wconf 89' lang='lat' dir='ltr'><strong>Ibin</strong></span> <span class='ocrx_word' id='word_1_263' title='bbox 1188 2429 1331 2471; x_wconf 85' lang='lat' dir='ltr'><strong>Ovidii.</strong></span> <span class='ocrx_word' id='word_1_264' title='bbox 1376 2431 1422 2468; x_wconf 91' lang='lat' dir='ltr'><strong>In</strong></span> <span class='ocrx_word' id='word_1_265' title='bbox 1453 2429 1552 2470; x_wconf 90' lang='lat' dir='ltr'><strong>fine:</strong></span> 
     </span>
     <span class='ocr_line' id='line_1_33' title="bbox 120 2486 1554 2544; baseline 0.008 -21"><span class='ocrx_word' id='word_1_266' title='bbox 120 2502 140 2519; x_wconf 75' lang='grc' dir='ltr'><strong>«ι</strong></span> <span class='ocrx_word' id='word_1_267' title='bbox 166 2486 399 2536; x_wconf 88' lang='lat' dir='ltr'><strong>Impressum</strong></span> <span class='ocrx_word' id='word_1_268' title='bbox 420 2487 591 2527; x_wconf 80' lang='lat' dir='ltr'><strong>Venetiis</strong></span> <span class='ocrx_word' id='word_1_269' title='bbox 614 2492 685 2542; x_wconf 87' lang='lat' dir='ltr'><strong>per</strong></span> <span class='ocrx_word' id='word_1_270' title='bbox 711 2489 993 2531; x_wconf 87' lang='lat' dir='ltr'><strong>Bartolameum</strong></span> <span class='ocrx_word' id='word_1_271' title='bbox 1023 2492 1142 2544; x_wconf 86' lang='lat' dir='ltr'><strong>(sic)</strong></span> <span class='ocrx_word' id='word_1_272' title='bbox 1178 2494 1223 2533; x_wconf 87' lang='lat' dir='ltr'><strong>de</strong></span> <span class='ocrx_word' id='word_1_273' title='bbox 1248 2494 1358 2534; x_wconf 92' lang='lat' dir='ltr'><strong>Zanis</strong></span> <span class='ocrx_word' id='word_1_274' title='bbox 1381 2494 1430 2535; x_wconf 89' lang='lat' dir='ltr'><strong>de</strong></span> <span class='ocrx_word' id='word_1_275' title='bbox 1447 2495 1554 2535; x_wconf 90' lang='lat' dir='ltr'><strong>Por-</strong></span> 
     </span>
     <span class='ocr_line' id='line_1_34' title="bbox 114 2550 1552 2606; baseline 0.007 -16"><span class='ocrx_word' id='word_1_276' title='bbox 114 2550 225 2592; x_wconf 89' lang='lat' dir='ltr'><strong>tesio.</strong></span> <span class='ocrx_word' id='word_1_277' title='bbox 252 2551 335 2591; x_wconf 85' lang='lat' dir='ltr'><strong>Sub</strong></span> <span class='ocrx_word' id='word_1_278' title='bbox 362 2567 464 2594; x_wconf 91' lang='lat' dir='ltr'><strong>anno</strong></span> <span class='ocrx_word' id='word_1_279' title='bbox 486 2555 646 2595; x_wconf 88' lang='lat' dir='ltr'><strong>Domini</strong></span> <span class='ocrx_word' id='word_1_280' title='bbox 686 2556 741 2595; x_wconf 89' lang='lat' dir='ltr'><strong>M.</strong></span> <span class='ocrx_word' id='word_1_281' title='bbox 775 2555 934 2600; x_wconf 90' lang='lat' dir='ltr'><strong>CCCC.</strong></span> <span class='ocrx_word' id='word_1_282' title='bbox 958 2559 1168 2598; x_wconf 87' lang='lat' dir='ltr'>LXXXXI</span> <span class='ocrx_word' id='word_1_283' title='bbox 1186 2589 1198 2606; x_wconf 91' lang='lat'>,</span> <span class='ocrx_word' id='word_1_284' title='bbox 1233 2560 1294 2600; x_wconf 92' lang='lat' dir='ltr'><strong>die</strong></span> <span class='ocrx_word' id='word_1_285' title='bbox 1328 2571 1392 2600; x_wconf 80' lang='grc' dir='ltr'><strong>ΧΠ</strong></span> <span class='ocrx_word' id='word_1_286' title='bbox 1422 2561 1552 2601; x_wconf 85' lang='lat' dir='ltr'><strong>Madii.</strong></span> 
     </span>
     <span class='ocr_line' id='line_1_35' title="bbox 115 2617 1526 2681; baseline 0.01 -25"><span class='ocrx_word' id='word_1_287' title='bbox 115 2617 215 2658; x_wconf 90' lang='lat' dir='ltr'><strong>Laus</strong></span> <span class='ocrx_word' id='word_1_288' title='bbox 236 2619 336 2658; x_wconf 89' lang='lat' dir='ltr'><strong>Deo.</strong></span> <span class='ocrx_word' id='word_1_289' title='bbox 360 2637 380 2655; x_wconf 68' lang='grc' dir='ltr'><strong>υ</strong></span> <span class='ocrx_word' id='word_1_290' title='bbox 405 2619 538 2661; x_wconf 83' lang='lat' dir='ltr'><strong>in-fol.</strong></span> <span class='ocrx_word' id='word_1_291' title='bbox 553 2643 608 2653; x_wconf 94' lang='lat'>—</span> <span class='ocrx_word' id='word_1_292' title='bbox 630 2622 756 2662; x_wconf 90' lang='lat' dir='ltr'><strong>Maitt.</strong></span> <span class='ocrx_word' id='word_1_293' title='bbox 781 2639 819 2674; x_wconf 91' lang='lat' dir='ltr'><strong>p.</strong></span> <span class='ocrx_word' id='word_1_294' title='bbox 838 2622 941 2672; x_wconf 79' lang='lat'><strong>5333</strong></span> <span class='ocrx_word' id='word_1_295' title='bbox 967 2626 1122 2675; x_wconf 80' lang='lat' dir='ltr'><strong>Panzer,</strong></span> <span class='ocrx_word' id='word_1_296' title='bbox 1138 2635 1233 2667; x_wconf 91' lang='lat' dir='ltr'><strong>tom.</strong></span> <span class='ocrx_word' id='word_1_297' title='bbox 1257 2630 1319 2668; x_wconf 91' lang='lat' dir='ltr'><strong>Ill</strong></span> <span class='ocrx_word' id='word_1_298' title='bbox 1338 2658 1349 2679; x_wconf 87' lang='lat'>‚</span> <span class='ocrx_word' id='word_1_299' title='bbox 1375 2645 1412 2681; x_wconf 90' lang='lat' dir='ltr'><strong>p.</strong></span> <span class='ocrx_word' id='word_1_300' title='bbox 1433 2628 1526 2671; x_wconf 87' lang='lat'><strong>303.</strong></span> 
     </span>
    </p>
   </div>
   <div class='ocr_carea' id='block_1_7' title="bbox 770 2710 885 2767">
    <p class='ocr_par' dir='ltr' id='par_1_12' title="bbox 770 2710 885 2767">
     <span class='ocr_line' id='line_1_36' title="bbox 770 2710 885 2767; baseline 0.017 -18"><span class='ocrx_word' id='word_1_301' title='bbox 770 2710 885 2767; x_wconf 67' lang='lat'><strong>1492.</strong></span> 
     </span>
    </p>
   </div>
   <div class='ocr_carea' id='block_1_8' title="bbox 178 2776 1546 2835">
    <p class='ocr_par' dir='ltr' id='par_1_13' title="bbox 178 2776 1546 2835">
     <span class='ocr_line' id='line_1_37' title="bbox 178 2776 1546 2835; baseline 0.01 -20"><span class='ocrx_word' id='word_1_302' title='bbox 178 2776 319 2817; x_wconf 85' lang='lat' dir='ltr'><strong>Veneta</strong></span> <span class='ocrx_word' id='word_1_303' title='bbox 339 2808 351 2827; x_wconf 92' lang='lat'><strong><em>,</em></strong></span> <span class='ocrx_word' id='word_1_304' title='bbox 381 2780 433 2829; x_wconf 76' lang='lat' dir='ltr'><strong>V⁷</strong></span> <span class='ocrx_word' id='word_1_305' title='bbox 464 2781 636 2835; x_wconf 89' lang='lat' dir='ltr'><strong>Operum</strong></span> <span class='ocrx_word' id='word_1_306' title='bbox 666 2782 800 2824; x_wconf 88' lang='lat' dir='ltr'><strong>in-fol.</strong></span> <span class='ocrx_word' id='word_1_307' title='bbox 826 2799 871 2825; x_wconf 89' lang='lat' dir='ltr'><strong>ex</strong></span> <span class='ocrx_word' id='word_1_308' title='bbox 892 2799 967 2825; x_wconf 90' lang='lat' dir='ltr'><strong>rec.</strong></span> <span class='ocrx_word' id='word_1_309' title='bbox 1000 2786 1104 2826; x_wconf 90' lang='lat' dir='ltr'><strong>Boni</strong></span> <span class='ocrx_word' id='word_1_310' title='bbox 1125 2786 1301 2828; x_wconf 84' lang='lat' dir='ltr'><strong>Accursii</strong></span> <span class='ocrx_word' id='word_1_311' title='bbox 1334 2789 1469 2829; x_wconf 86' lang='lat' dir='ltr'><strong>Pisani.</strong></span> <span class='ocrx_word' id='word_1_312' title='bbox 1503 2791 1546 2829; x_wconf 92' lang='lat' dir='ltr'><strong>In</strong></span> 
     </span>
    </p>
   </div>
  </div>
 </body>
</html>
