1794 3100
284 260 337 306 70
663 251 715 294 P.
759 251 993 297 OVIDII
1027 254 1333 303 NASONIS>

499 339 655 377 Pleiades
668 349 746 378 ante
763 356 859 389 genu
875 352 1009 390 septem
1025 346 1160 384 radiare
1171 350 1356 394 ›sei-untur,

499 401 567 436 Sex
585 410 720 438 tantum
739 412 928 450 apparent:
943 408 1005 442 sub
1022 421 1126 454 opaca
1137 411 1282 456 septima
1297 413 1391 448 nube
1409 421 1470 450 est.

750 471 926 516 Pnonus,
954 473 989 508 in
1019 476 1183 521 Georgica
1209 479 1359 522 Wrgim,
1384 479 1421 514 in
1442 480 1540 525 cujus
1557 481 1701 529 vulgatis

805 526 900 562 libris
911 527 951 563 hi
973 542 1090 565 versus
1106 529 1376 576 depravatissimi
1391 529 1585 580 legunmr.

281 614 333 660 In
370 611 581 678 Priapeiis
618 614 815 679 quaedam
841 618 991 666 Ovidii
1023 619 1142 683 (vid.
1164 621 1283 670 Bart.
1309 623 1363 672 ad
1394 624 1612 682 Statium,
1641 627 1664 673 I
1682 663 1695 683 ‚

281 695 422 742 Theb.
459 697 586 761 229)
624 709 811 755 exstare,
846 700 1004 748 eruditi
1031 702 1310 752 arbitrantur.
1344 707 1411 754 Ex
1438 705 1516 754 illo
1546 717 1661 756 certe
1682 744 1694 765 ‚

283 778 407 840 cujus
432 778 605 826 initium
623 816 635 836 ‚
679 778 860 849 Obscure
873 793 1058 846 poteram
1083 785 1162 832 tibi
1175 785 1321 843 dicere,
1357 788 1519 837 Seneca
1541 800 1665 854 pater
1682 826 1694 847 ,

283 856 361 905 lib.
385 860 432 916 Ι,
472 860 748 908 Controvers.
787 879 813 908 2
833 900 845 920 ,
863 862 981 912 hunc
1004 884 1177 915 versum
1200 868 1408 919 adducit:

543 970 642 1007 Dum
660 971 916 1010 timetalterius
928 974 1054 1012 vulnus
1067 975 1184 1021 inepta
1193 977 1274 1014 doci.

284 1053 472 1113 Servius,
487 1054 534 1102 in
549 1055 709 1120 Georg.
728 1057 806 1115 IV,
820 1057 897 1104 ubi
910 1058 999 1121 agit
1014 1059 1066 1107 de
1085 1057 1317 1128 Eurydice,
1333 1062 1437 1129 citat
1451 1082 1502 1112 ex
1521 1061 1696 1130 Oviffio‚

625 1160 683 1195 Bis
698 1162 850 1207 rapitur‚
871 1162 1021 1209 vixitque
1037 1143 1168 1210 semel,

285 1244 401 1309 quod
428 1244 473 1291 in
496 1232 670 1294 auctore
692 1258 846 1295 nostro
868 1267 984 1296 nunc
1006 1259 1223 1316 nusquam
1247 1242 1478 1318 comparet.

349 1326 612 1375 scholiastes
633 1341 756 1376 vetus
780 1331 953 1377 Horatii
978 1332 1033 1378 ad
1055 1331 1130 1380 lib.
1163 1335 1233 1390 Π,
1265 1334 1352 1382 Od.
1386 1335 1412 1381 5
1440 1356 1449 1382 :
1487 1357 1510 1378 «
1543 1337 1696 1403 Gyges

283 1427 442 1455 nomen
467 1409 587 1473 pueri
617 1428 666 1456 ex
691 1410 834 1458 insula
859 1412 1001 1459 Cnido
1027 1415 1184 1461 Veneri
1210 1434 1360 1471 sacrm
1396 1417 1527 1482 hujus
1551 1430 1696 1468 autem

284 1491 409 1556 pueri
427 1490 798 1556 pulchritudinem
820 1493 971 1541 laudat
987 1495 1115 1543 etiam
1135 1497 1335 1546 Ovidius.
1359 1521 1382 1541 »
1400 1499 1539 1566 Atqui
1554 1501 1600 1549 in
1616 1501 1692 1560 iis,

287 1591 381 1637 quae
405 1585 592 1627 exstant,
616 1573 763 1621 laudat
785 1574 957 1623 nullibi.

352 1654 679 1717 Quintilianus,
702 1655 781 1704 lib.
802 1659 889 1704 XII
901 1676 1021 1724 ‚.cap
1049 1676 1136 1706 10:
1160 1682 1180 1701 «
1205 1659 1290 1708 Sed
1305 1675 1563 1710 evanescunt
1578 1663 1693 1722 haec,

285 1748 415 1802 atque
441 1738 712 1786 emoriuntur
740 1739 1062 1805 comparatione
1087 1731 1341 1799 meliorum,
1367 1754 1417 1790 ut
1441 1742 1535 1790 lana
1560 1744 1695 1792 tincta

285 1818 387 1866 fuco
412 1819 518 1867 citra
541 1839 779 1885 purpuram
805 1820 976 1885 placet:
997 1833 1042 1868 at
1064 1822 1099 1869 si
1125 1822 1359 1871 contuleris
1379 1843 1471 1871 eam
1486 1823 1692 1890 lacernas,

288 1913 522 1966 conspectu
541 1901 733 1950 melioris
757 1903 988 1959 obruatur,
1011 1915 1061 1950 ut
1077 1904 1264 1973 Ovidius
1283 1906 1354 1958 ait.
1382 1928 1410 1968 »>
1445 1907 1556 1969 Quae
1569 1899 1694 1954 nullo

286 1983 464 2043 negotio
488 1983 531 2030 in
556 1981 740 2032 metrum
764 1978 935 2036 redacta
956 1981 1148 2039 iambum
1169 1974 1381 2056 tragicum
1404 1987 1590 2036 efficient
1605 2025 1618 2046 ,
1653 2000 1695 2036 et

289 2063 402 2111 duos
419 2064 835 2131 hendecasyllabos:

640 2176 692 2210 Ut
709 2175 785 2210 lana
802 2176 908 2211 tincta
924 2164 1112 2222 purpuram
1125 2178 1209 2213 citra
1223 2178 1351 2224 placet:

638 2236 688 2270 At
704 2237 731 2277 si
750 2236 937 2272 contuleris
952 2251 1028 2272 eam
1044 2238 1189 2273 lacernae
1201 2265 1211 2283 ,

635 2295 834 2348 Conspectu
851 2297 1003 2332 melioris
1020 2288 1201 2334 obruatur.
1247 2293 1250 2298 ’

288 2379 341 2425 In
364 2378 494 2426 Notis
518 2377 632 2426 enim
662 2378 717 2426 ad
747 2380 889 2446 Epist.
920 2399 968 2446 7„
995 2400 1269 2444 communem
1296 2399 1387 2428 esse
1420 2379 1615 2428 ultimam
1648 2382 1696 2429 in

288 2460 517 2516 contuleris,
552 2459 707 2508 dedetis
720 2500 732 2516 ,
767 2461 999 2518 credideras,
1038 2456 1082 2510 et
1113 2459 1330 2511 similibus
1365 2461 1574 2527 syllabam
1601 2482 1695 2511 mo-

286 2558 451 2589 nemus.
1083 2548 1089 2552 ’
1388 2549 1389 2553 ’

351 2625 511 2672 Seneca
528 2661 540 2682 ‚
569 2625 842 2684 Controvers.
876 2616 964 2683 lo,
991 2645 1042 2674 ex
1074 2614 1380 2674 declamatione
1408 2624 1556 2673 Ovidii
1584 2643 1693 2690 qua-

289 2705 384 2753 dam
406 2706 497 2754 haec
518 2707 727 2772 producit
746 2728 756 2756 :
782 2730 804 2750 α
827 2707 1053 2774 Quicquid
1067 2706 1236 2758 laboris
1255 2718 1340 2764 est,
1363 2706 1410 2754 in
1427 2706 1514 2754 hoc
1532 2717 1597 2754 est
1610 2742 1623 2764 ,
1643 2716 1694 2753 ut
