1794 3100
557 193 693 236 PER
725 194 768 236 J.
805 192 1114 238 MASSON.
1469 196 1555 240 223

335 287 446 322 Alata
461 286 506 321 sit
526 285 600 322 haee
614 286 772 332 quamvis
787 287 882 322 inter
901 288 1088 333 Graiosque
1098 283 1276 333 ¹Gemsque
1288 315 1297 328 ,

368 348 416 395 A
432 347 523 383 male
540 347 669 394 pacatis
686 347 762 394 plus
779 347 886 384 trahit
902 361 965 384 ora
985 349 1083 383 Getis
1102 356 1167 384 etc.

157 409 160 412 Ι
186 427 268 476 IV.
293 425 525 476 Addamus
549 426 682 476 ethic
702 426 1054 476 observationem
1072 426 1341 476 illustrando
1367 429 1564 493 ejusdem

122 509 200 560 lib.
228 510 295 559 111
315 529 372 559 ex
396 510 543 560 Ponto
560 548 572 569 ‚
610 510 759 577 Epist.
797 523 834 559 ΙΙ
849 548 861 569 ,
885 509 986 558 loco
1002 549 1014 570 ‚
1049 530 1097 559 ac
1126 510 1284 568 Cotta,
1313 511 1383 560 cui
1405 512 1567 560 inscri-

120 587 270 646 bitur,
285 588 430 654 genen'
444 593 455 613 ¹
475 587 777 636 necessariam.
797 586 973 635 Scilicet
992 587 1183 636 Ovidius
1198 587 1250 636 de
1266 587 1400 653 hujus
1420 588 1564 637 Cottae

122 665 298 714 'non'bus
316 664 526 732 loquens,
551 665 676 713 addit
697 683 809 713 vers.
844 664 1053 713 105-108
1077 686 1086 713 ε

344 765 447 811 Quos
469 766 612 800 Volesus
619 768 731 809 patrii
744 771 931 811 cognoseat
950 768 1096 799 nominis
1108 771 1251 806 auctae-5

388 825 492 872 Quos
510 827 622 861 Numa
637 832 806 860 maternus
825 839 897 861 non
917 832 1022 871 neget
1039 839 1111 861 esse
1130 838 1232 861 suos:

343 887 582 933 Ansssc'nque
599 887 752 933 probent
767 887 920 933 genitiva
936 886 979 922 ad
994 887 1141 922 nomina
1158 887 1303 922 COTTAE
1321 902 1329 929 ;

387 947 426 983 si
441 956 481 983 tu
497 961 570 983 non
588 961 678 983 esses
690 975 699 993 ,
717 948 904 984 interitura
922 948 1058 984 domus.

128 1035 293 1102 quibus
320 1036 484 1083 Noster
511 1033 756 1097 significat,
788 1032 953 1082 Cottam
977 1053 1029 1082 ex
1056 1033 1112 1081 V
1105 1034 1323 1082 aleriorum
1354 1034 1570 1083 Messala-

127 1133 215 1162 rum
239 1124 367 1175 geute
391 1131 473 1178 per
495 1123 664 1178 patrem
688 1123 838 1160 ortum.
859 1112 1030 1160 trahere
1049 1132 1059 1170 3
1087 1112 1254 1179 quippe
1278 1131 1385 1175 gens
1411 1132 1489 1162 sua
1510 1114 1566 1163 ab

127 1191 312 1257 antiquo
336 1188 394 1237 V
385 1190 514 1237 olesi²
536 1200 766 1237 stemmate
787 1208 951 1238 nomen
975 1189 1203 1238 derivabat
1218 1228 1230 1248 ‚
1255 1203 1299 1238 et
1323 1192 1399 1258 qui
1423 1192 1569 1259 primo

128 1267 188 1317 V
178 1268 353 1316 olesiiet
372 1265 546 1314 Volusii
565 1265 740 1314 fuerant
765 1266 873 1314 dicti
889 1305 900 1325 ‚
931 1279 1086 1334 postea
1109 1280 1154 1316 et
1180 1266 1350 1317 Valerii
1367 1262 1571 1319 suntvo-

129 1347 242 1405 cati‚
271 1358 322 1395 ut
342 1357 461 1394 recte
489 1343 544 1394 cl.
567 1345 666 1394 Nic.
691 1344 906 1394 Heinsius
929 1345 1115 1393 notavit.
1142 1347 1206 1394 At
1227 1344 1340 1395 male
1361 1367 1465 1396 mox
1489 1349 1570 1398 ad·

129 1425 221 1484 dit,
249 1425 462 1474 Ovidium
484 1444 598 1474 vers.
630 1441 716 1491 107
743 1424 926 1472 innuere
940 1461 953 1481 ,
979 1424 1157 1472 Cottam
1174 1423 1392 1490 adoptione
1407 1426 1448 1474 in
1468 1429 1570 1476 Au-

80 1529 82 1531 ·
128 1503 268 1553 reliam
299 1501 512 1553 Collatum
523 1501 737 1569 fitmiliam
765 1499 970 1550 transisse
988 1499 1024 1550 ³.
1057 1501 1237 1550 Etenim
1268 1504 1434 1551 Noster
1456 1503 1570 1553 clare

129 1581 259 1630 docet
291 1580 372 1630 lib.
407 1581 473 1629 IV
497 1600 550 1629 ex
580 1580 732 1628 Ponto
752 1617 764 1637 ‚
797 1580 885 1646 Ep.
918 1578 1000 1628 ult.
1031 1579 1175 1628 Cottae
1209 1590 1377 1628 matrem
1410 1600 1462 1629 ex
1487 1581 1571 1631 ista

131 1661 362 1709 Cottarum
387 1657 568 1708 Aurelia
590 1656 755 1706 familia
776 1670 1050 1725 procreatam
1074 1658 1211 1707 fuisse
1226 1695 1238 1717 ,
1262 1678 1324 1707 vs.
1348 1659 1504 1720 41-44
1523 1679 1532 1706 :

351 1758 403 1793 Te
420 1765 540 1793 tamen
558 1757 594 1791 in
613 1757 715 1792 turba
732 1769 805 1791 non
827 1757 937 1791 ausim
950 1783 959 1800 ,
982 1758 1098 1797 Cotta,
1117 1756 1238 1799 silere;

397 1818 583 1854 Pieridum
598 1818 718 1853 lumen
732 1845 741 1862 ‚
762 1817 1033 1864 praesidiumque
1049 1816 1128 1852 sori.

347 1881 523 1915 Maternus
545 1881 664 1914 Cottas
682 1880 736 1914 cui
754 1880 998 1924 Messalasque
1014 1887 1180 1924 paternos

393 1941 549 1976 Maxima
565 1941 728 1977 nobilitas
742 1941 960 1987 ingeminata
976 1940 1083 1975 dedit.

134 2027 280 2090 Igitur
303 2046 441 2093 quum
467 2026 602 2075 Cottoe
633 2037 760 2093 pater
781 2037 898 2075 esset
929 2025 998 2073 M.
1029 2022 1228 2074 Valerius
1255 2024 1445 2074 Messala
1471 2025 1579 2075 Cor-

136 2105 247 2154 vinus
261 2144 274 2161 ,
300 2104 610 2154 celeberrimus
625 2103 701 2153 ille
725 2117 876 2153 orator
890 2142 901 2162 ‚
927 2104 981 2152 de
1002 2104 1127 2167 cujus
1146 2116 1288 2152 morte
1309 2123 1441 2171 supra
1461 2104 1577 2152 dixi-

134 2201 234 2231 mus
251 2181 306 2230 ad
324 2201 392 2230 an.
413 2182 470 2230 U.
491 2180 540 2231 C.
563 2193 779 2240 DCCLV113
794 2194 934 2230 mater
949 2199 1054 2230 vero
1073 2180 1128 2230 ab
1146 2179 1325 2229 Aurelia
1345 2182 1577 2230 Cottarum

181 2317 191 2335 ¹
215 2314 273 2349 De
290 2326 362 2359 quo
378 2326 484 2360 agens
501 2312 681 2348 Theodor.
699 2312 853 2361 Ryckius
867 2313 959 2348 varie
976 2319 1094 2357 errat,
1111 2319 1185 2347 not.
1201 2312 1242 2347 ad
1257 2312 1366 2348 Tacit.
1384 2313 1481 2347 Ann.
1504 2313 1575 2358 111,

136 2385 210 2418 cap.
229 2387 246 2406 2
259 2398 269 2418 ,
287 2379 373 2407 tom.
389 2372 425 2407 11
442 2398 451 2416 ,
469 2384 545 2418 pag.
563 2373 615 2417 57.

178 2436 195 2454 ²
219 2434 370 2469 Rutilius
395 2434 430 2468 in
457 2432 643 2469 ltinerario
674 2434 798 2467 Volusi
818 2432 950 2468 habet:
977 2448 992 2462 ct
1021 2433 1096 2478 Qui
1128 2435 1251 2467 Volusi
1272 2432 1420 2476 antiquo
1443 2431 1579 2468 derivat

136 2495 321 2525 stemmate
338 2501 470 2524 nomen
484 2515 494 2532 ‚
513 2488 559 2523 Et
577 2501 675 2533 reges
694 2487 844 2522 Rutulos
857 2514 866 2530 ,
885 2494 972 2522 teste
991 2487 1143 2522 Marone
1156 2513 1167 2530 ,
1187 2486 1305 2520 refert.
1328 2501 1343 2515 ι»

179 2548 194 2570 ³
217 2548 328 2595 Quod
344 2556 381 2584 et
395 2549 598 2594 nuperrime
616 2548 657 2583 cl.
685 2550 955 2595 Broucklmysen
979 2547 1201 2590 adfirmavit,
1230 2554 1304 2581 not.
1325 2547 1367 2581 ad
1388 2547 1514 2582 Tibuu.
1541 2554 1578 2583 et

138 2607 244 2654 paulo
260 2615 342 2643 ante
360 2607 498 2642 Theod.
516 2607 669 2655 Ryckius
690 2613 762 2640 not.
783 2606 826 2641 ad
846 2606 955 2641 Tacit.
979 2597 1064 2640 tom.
1083 2606 1117 2640 ll
1132 2631 1141 2648 ,
1170 2617 1245 2649 pag.
1270 2606 1331 2648 58,
1358 2613 1577 2652 sequuntur,

139 2665 267 2701 scilicet
285 2665 501 2701 Scholiasten
520 2664 631 2701 Persii
650 2663 692 2698 ad
712 2663 783 2698 Sat.
804 2663 859 2708 11,
878 2676 964 2698 vers.
986 2677 1025 2707 72
1038 2689 1048 2706 ,
1067 2663 1166 2707 cujus
1183 2662 1299 2698 locum
1323 2663 1458 2708 profert
1493 2664 1577 2710 Ry-

140 2721 234 2756 ckius
248 2721 330 2757 ibid.
