1794 3100
582 239 712 282 PER
745 238 788 287 J.
825 238 1143 284 MASSON.
1502 259 1582 304 ¹97

369 333 605 379 Qum-entem
622 332 752 368 frustra
766 341 881 369 custos
899 346 955 368 me
972 333 1111 369 sedibus
1128 334 1194 369 illis

416 395 627 440 Praepositus
642 401 762 431 sancto
781 395 880 440 jussit
898 395 992 431 abire
1010 396 1096 432 loco.

152 472 268 523 Dein
291 472 346 521 de
370 473 571 522 Octaviae‘
585 474 785 541 porticus
808 473 1085 523 bibliotheca
1111 475 1368 541 subjungit:

374 567 498 603 Altera
515 568 644 616 templa
662 575 742 613 peto
753 595 766 612 ,v
781 568 896 604 vicino
911 569 1030 615 juncta
1048 569 1186 604 theatro
1201 572 1212 591 ¹
1226 580 1234 605 ε

414 628 505 664 Haec
523 619 664 675 iluoque
681 636 783 665 erant
798 629 946 675 pedibus
962 643 1035 665 non
1054 630 1216 666 adeunda
1233 631 1332 666 meis.

155 708 360 775 Denique
384 708 438 756 de
462 708 742 758 Bibliotheca
769 710 817 758 in
848 710 1088 759 Libertatis
1119 711 1249 759 Atrio
1273 717 1290 735 ²
1316 711 1461 761 Asinii
1483 711 1590 760 Pol-

127 810 132 817 ·
154 781 286 833 lionis
307 784 530 834 sumtibus
555 786 797 834 constituta
816 806 826 835 :

377 879 452 915 Nec
469 892 526 914 me
537 907 546 924 ‚
564 893 642 926 quae
659 880 769 917 doctis
786 888 977 927 patuerunt
993 882 1104 928 prima
1120 881 1133 903 ³
1148 882 1268 918 libellis
1283 909 1292 927 ,

360 949 362 953 ’
422 940 524 976 Atria
541 941 697 978 Libertas
712 950 855 989 tangere
871 957 968 989 passa
982 957 1042 980 sua
1058 951 1119 980 est.

378 1002 422 1037 In
439 1016 548 1050 genus
564 1004 714 1039 auctoris
730 1005 847 1040 miseri
864 1005 1006 1040 fortuna
1025 1005 1224 1048 redundat;

421 1064 470 1100 Et
485 1065 638 1111 patimur
657 1065 731 1101 nati
743 1093 752 1111 ,
770 1079 876 1112 quam
894 1066 975 1102 tulit
990 1067 1062 1113 ipse
1075 1094 1084 1112 ,
1103 1067 1232 1114 fugam.

161 1138 294 1188 Haud
325 1138 432 1188 alias
461 1159 594 1197 vero,
624 1153 783 1207 praeter
816 1160 913 1199 eas,
950 1143 1103 1190 Romae
1133 1140 1431 1190 bibliothecas
1460 1140 1594 1189 fuisse

159 1213 384 1281 publicas,
405 1210 622 1265 evincitur
644 1216 662 1247 ⁴
693 1236 744 1265 ex
768 1236 882 1266 vers.
912 1236 971 1284 79
991 1230 1035 1266 et
1057 1217 1120 1266 80
1141 1238 1150 1266 :

381 1314 523 1349 interea
538 1341 547 1359 ‚
564 1315 668 1350 statio
684 1316 852 1362 quoniam
869 1316 955 1351 mihi
972 1317 1107 1363 publica
1125 1317 1239 1352 clausa
1252 1323 1327 1359 est,

426 1375 568 1411 Privato
585 1375 687 1411 liceat
702 1376 876 1412 delituisse
893 1377 970 1412 loco
984 1392 993 1420 ;

160 1460 202 1496 et
224 1461 348 1497 erant
371 1450 548 1518 quidem
573 1451 734 1519 privati
755 1454 935 1511 Romae,
961 1452 1037 1520 qui
1059 1453 1214 1501 Nostri
1240 1471 1371 1519 opera
1394 1450 1594 1500 studiose

159 1525 452 1591 colligebant,
475 1529 610 1578 Trist.
636 1529 714 1579 lib.
740 1532 832 1590 III,
856 1531 982 1595 Eleg.
1012 1544 1110 1586 XIV.
1154 1567 1156 1581 2

225 1609 354 1658 VIII.
400 1608 516 1673 Quis
547 1609 681 1658 fuerit
704 1611 846 1658 exsilii
879 1612 1015 1667 locus,
1047 1622 1179 1677 atque
1210 1609 1381 1658 itineris
1415 1608 1462 1656 in
1495 1627 1595 1656 eum

159 1704 446 1752 progressus,
482 1688 537 1737 ad
572 1701 828 1756 sequentem
857 1708 1020 1738 annum
1049 1689 1345 1757 opportunius
1383 1688 1592 1736 dicemus.

162 1764 224 1812 At
241 1764 419 1814 interim
441 1767 514 1815 hic
540 1767 788 1816 adhucdum
816 1767 1086 1816 observanda
1103 1805 1114 1825 ‚
1142 1786 1237 1834 quae
1252 1767 1416 1815 Noster
1440 1765 1493 1813 de
1518 1783 1597 1813 sua

159 1841 245 1891 hoc
268 1853 465 1911 tempore
469 1844 643 1909 familia
662 1844 883 1894 memoriae
905 1844 1140 1894 mandavit.
1172 1846 1424 1910 Utrumque
1448 1855 1595 1892 autem

163 1939 291 1970 suum
306 1933 517 1988 parentem
539 1923 629 1989 ja‘m
647 1935 748 1972 ante
773 1923 1032 1980 decessisse,
1058 1941 1191 1990 supra
1215 1920 1231 1946 ⁵
1257 1921 1597 1989 praenotavimus

164 2019 214 2048 ex
238 2001 372 2050 Trist.
397 2001 476 2050 lib.
502 2004 582 2061 IV,
605 2002 731 2067 Eleg.
758 2017 809 2062 x,
834 2002 938 2061 ubi,
965 2021 1074 2050 vers.
1097 2000 1281 2062 81-84,
1306 2001 1449 2051 canit:

207 2115 217 2134 ¹
244 2112 382 2149 Confer
398 2127 475 2160 quae
489 2127 563 2161 sup.
578 2115 794 2162 scripsimus,
813 2128 889 2162 pag.
910 2115 983 2151 153.
1000 2132 1001 2135 ¹

209 2173 224 2191 ²
248 2171 330 2206 Hoc
345 2179 442 2217 patet
464 2186 505 2207 ex
530 2172 597 2208 hoc
622 2173 744 2208 Ovidii
771 2173 871 2218 loco,
897 2173 1026 2208 sicum
1045 2173 1201 2207 Suetonio
1225 2171 1449 2214 conferatur,
1477 2171 1535 2217 qui
1562 2172 1599 2206 in

166 2227 256 2274 Aug.
273 2240 347 2273 cap.
364 2242 425 2276 29,
443 2227 560 2263 scribit
576 2241 585 2263 t
605 2243 622 2259 «
640 2229 825 2275 Multaque
840 2243 858 2264 a
875 2229 994 2265 multis
1009 2236 1180 2264 exstructa
1195 2234 1300 2270 sunt;
1320 2227 1362 2262 ab
1376 2227 1499 2263 Asinio
1510 2227 1598 2263 Pol-

164 2297 182 2313 »
197 2282 292 2318 lione
311 2283 454 2318 Atrium
470 2283 665 2318 Libertatis.
685 2298 703 2314 »ι

206 2339 221 2361 ³
243 2339 383 2376 Scilicet
397 2367 406 2386 ,
427 2356 444 2371 ι(
461 2340 604 2376 Asinius
620 2340 734 2375 Pollio
752 2351 896 2377 numus
913 2341 1170 2377 Bibliothecam
1185 2340 1334 2377 dicando
1345 2366 1354 2384 ‚
1375 2340 1516 2385 ingenia
1533 2340 1600 2376 ho-

164 2411 181 2426 »
198 2397 339 2432 minum
356 2410 433 2432 rem
451 2397 625 2443 publicam
643 2397 744 2442 fecit,
766 2411 783 2428 υ
802 2404 842 2432 ut
857 2397 962 2433 babet
980 2398 1114 2434 Plinius
1126 2425 1135 2443 ‚
1156 2397 1248 2433 Hist.
1266 2399 1346 2433 Nat.
1364 2397 1421 2431 lib.
1445 2397 1596 2441 XXXV,

161 2467 235 2500 cap.
251 2468 270 2488 2
282 2481 292 2499 ,
309 2454 369 2500 qui
385 2463 422 2491 et
439 2455 496 2490 lib.
512 2456 586 2491 vu
601 2481 610 2499 ,
629 2468 703 2500 cap.
719 2456 784 2498 30,
800 2454 939 2489 scribit:
953 2468 970 2485 «
985 2456 1234 2490 Bibliothecam
1246 2463 1402 2489 PMMAM
1420 2453 1462 2488 ab
1473 2453 1597 2489 Asinio

164 2526 181 2540 ν
203 2509 362 2545 Pollione
381 2523 422 2545 ex
437 2510 613 2547 manubiis
631 2509 842 2556 publicatam
860 2509 985 2546 Romae
1001 2523 1085 2545 csse.
1108 2525 1126 2541 »ι
1151 2511 1343 2555 Perperam
1362 2523 1446 2544 vero
1465 2508 1600 2545 Casau-

163 2568 276 2603 bonus
290 2568 373 2604 Not.
385 2568 426 2604 ‚in
446 2567 595 2604 Sueton.
619 2567 711 2613 Aug.
736 2579 810 2613 cap.
830 2581 889 2614 29,
908 2580 950 2602 ex
968 2580 1011 2602 eo
1029 2567 1178 2603 Nasonis
1203 2567 1280 2603 loco
1302 2567 1451 2614 colligit,
1478 2567 1599 2604 doctos

163 2624 201 2660 in
221 2625 288 2660 hoc
303 2625 406 2659 Atrio
421 2624 605 2660 Libertatis
622 2624 663 2658 ad
681 2626 794 2669 λέσχην
811 2623 1024 2659 convenisse.

207 2679 222 2704 ⁴
247 2678 358 2724 Quod
380 2679 463 2714 olim
488 2681 638 2716 Nardt'm'
661 2679 926 2722 observaverat,
956 2679 1013 2714 lib.
1039 2680 1073 2714 V
1100 2678 1143 2714 de
1170 2680 1256 2715 Ant.
1277 2679 1414 2723 Roma,
1440 2693 1512 2725 cap.
1544 2681 1594 2714 13.

170 2735 325 2771 Consule
342 2735 432 2781 Lips.
452 2735 494 2771 de
511 2735 675 2771 Bibliotb.
694 2749 768 2782 cap.
788 2737 806 2770 5
825 2742 860 2770 et
875 2736 907 2770 6.

212 2791 226 2815 ⁵
248 2793 331 2839 Pag.
355 2807 425 2827 112.
