1794 3100
215 171 304 238 '150
658 196 709 237 Ρ.
746 195 981 240 ov1D11
1013 197 1187 247 viTA

215 288 392 336 Inducit
415 305 571 354 nempe
601 300 732 354 poeta
757 289 1014 354 quemdam,
1050 290 1126 356 qui
1161 308 1258 337 eum
1296 289 1415 338 velut
1446 290 1491 339 in
1526 292 1638 340 Arte

216 366 405 414 Amandi
422 366 678 428 magistrum
704 378 894 415 sectatus
912 368 1054 433 ipsius
1073 386 1202 434 opera
1228 369 1391 416 caeteris
1412 369 1637 429 indicarit,
1658 418 1661 421 .

216 443 320 491 hinc
342 443 544 510 inprimis
567 444 810 508 aperuerit,
834 444 1036 492 Heroides
1052 445 1108 492 ab
1128 462 1178 492 eo
1192 445 1472 495 concinnatas
1486 446 1639 514 {quod

215 521 314 570 aliis
335 540 463 570 verus
482 533 636 569 auctor
658 521 814 571 fuisset
835 522 1028 585 ignotus.
1057 521 1221 571 Confer
1246 522 1482 572 versiculos
1505 543 1640 591 supe-

218 598 309 647 lius
332 618 375 646 n,
407 616 424 646 1
442 616 458 644 1
487 597 726 664 appositos.

281 676 356 723 IV.
384 676 480 724 Abs
507 694 555 723 re
578 695 669 723 non
697 676 780 724 erit
813 687 857 723 et
890 675 962 723 hic
997 675 1277 734 observasse,
1307 695 1402 743 quae
1432 677 1560 724 Dio¹
1585 675 1642 724 ad

217 752 335 801 hunc
365 772 527 801 annum
563 753 615 801 de
647 754 785 802 Livioe
814 754 976 819 porticu
999 753 1151 811 tradit,
1181 754 1305 819 cujus
1327 755 1479 803 Naso
1466 774 1513 802 ln
1532 756 1646 804 Arte

217 831 459 887 Amatoria,
489 850 565 878 ceu
589 831 679 895 jam
695 830 966 880 exaedificatae
989 830 1214 889 meminit;
1239 826 1457 898 ¹siquidem
1473 843 1518 880 et
1538 832 1643 880 hinc

217 909 359 976 palam
373 909 468 967 fiet,
493 912 715 958 Nasonem
729 929 820 958 uon
833 910 920 957 nisi
936 922 1041 975 post
1056 909 1148 957 haec
1167 921 1367 976 tempora
1378 928 1473 958 eam·
1487 912 1645 959 Artem

219 1005 312 1035 esse
333 986 550 1035 molitum.
577 987 829 1036 Histoi-icus
857 986 992 1050 igitur
1024 986 1098 1034 ille
1126 987 1319 1046 nobilis,
1346 1007 1483 1054 quum
1515 987 1651 1039 Vadit·

218 1065 420 1113 Pollionis
438 1076 621 1112 mortem
637 1102 649 1122 ‚
673 1076 714 1112 et
737 1083 834 1130 quae
850 1066 1057 1127 Augusto
1074 1063 1259 1130 aliisque
1278 1063 1493 1126 legaverat
1504 1066 1646 1123 ‚lnar-

218 1141 427 1198 ravisset‚
452 1141 576 1188 addit
601 1161 610 1188 :
642 1163 664 1183 «
692 1141 922 1207 Jussitque
946 1141 1179 1204 (Vedius)
1201 1152 1252 1188 ut
1275 1139 1443 1207 populo
1465 1140 1645 1208 perpul-

221 1241 245 1262 »
274 1219 429 1267 chrum
458 1237 573 1284 opus
600 1230 853 1266 strueretur.
889 1218 999 1282 Ejus
1021 1217 1166 1284 operis
1189 1217 1374 1267 faciendi
1402 1231 1643 1284 praetextu-‚

221 1321 245 1341 »
272 1317 318 1346 re
341 1309 486 1344 autem
510 1315 605 1344 vera
622 1333 633 1353 ‚
674 1315 729 1343 ne
756 1295 876 1361 quod
906 1294 1035 1343 Vedii
1067 1296 1111 1343 in
1147 1295 1258 1344 urbe
1280 1308 1467 1345 exstaret
1486 1315 1646 1347 monu-

222 1398 245 1418 »
271 1386 467 1422 mentum
487 1411 499 1431 ‚
534 1386 670 1421 AEDES
707 1371 925 1420 Pollionis
959 1372 1159 1420 funditus
1195 1374 1349 1421 evertit
1378 1375 1609 1436 Augustus
1631 1394 1642 1432 ;
1668 1418 1678 1427 .

224 1475 246 1494 »
273 1463 404 1517 atque
428 1463 636 1499 PORTICU
660 1450 725 1498 ibi
748 1450 1043 1498 circumducta
1058 1489 1069 1508 ‚
1089 1469 1180 1498 non
1200 1446 1438 1508 Pollionis,
1465 1451 1644 1507 sedLI-

225 1552 249 1573 >›
277 1542 379 1577 VIAE
412 1547 576 1576 nomen
611 1527 849 1592 inscripsit.
884 1527 970 1576 Sed
1003 1528 1094 1575 haec
1124 1527 1445 1593 posterioribus
1482 1528 1645 1592 (NB.)

223 1631 246 1651 »
275 1607 553 1673 temporibus
574 1605 686 1654 faeta
710 1619 826 1654 sunt.
853 1629 874 1648 »
911 1605 1098 1654 Ovidius
1119 1618 1263 1655 autem
1286 1607 1479 1655 eamdem
1497 1607 1645 1673 porti-

171 1726 190 1732 s
221 1705 319 1735 cum
353 1683 472 1732 velut
499 1683 586 1748 jam
616 1694 911 1739 constructam
943 1693 1155 1730 memorat
1177 1683 1274 1731 Art.
1302 1685 1445 1732 Amat.
1484 1683 1560 1731 lib.
1591 1686 1645 1742 I,

221 1781 332 1811 vers.
366 1779 420 1828 71
450 1773 492 1809 et
516 1779 604 1827 72:

438 1861 513 1895 Nec
527 1859 589 1894 tibi
602 1859 751 1902 vitetur,
769 1871 845 1903 quae
862 1858 980 1903 priscis
997 1871 1112 1903 sparsa
1130 1858 1259 1892 tabellis
1271 1883 1281 1901 ,

480 1922 634 1955 Porticus
653 1919 801 1954 auctoris
819 1919 920 1953 livia
938 1931 1070 1952 nomen
1088 1918 1202 1952 habet.

223 2001 294 2049 Sic
316 2012 360 2049 et
384 1999 461 2047 lib.
485 2000 578 2056 III,
603 2016 739 2064 quum
763 1997 963 2062 porticus
987 1995 1186 2062 Pompeii
1209 2014 1258 2043 ac
1281 1994 1503 2062 Apollinis
1521 1993 1647 2043 Pala-

225 2078 306 2126 tini
337 2077 580 2137 laudasset‚
615 2095 718 2123 mox
754 2074 885 2131 alias,
918 2074 1051 2122 Livioe
1086 2073 1318 2130 nimirum,
1359 2072 1567 2129 Octavioe‚
1602 2083 1646 2120 et
1697 2112 1700 2116 .

226 2156 460 2221 Agrippoe,
490 2154 560 2201 his
584 2152 789 2216 indigitat
812 2151 957 2200 verbis
972 2189 983 2209 ,
1009 2169 1119 2198 vers.
1141 2150 1228 2216 391
1258 2162 1301 2199 et
1325 2149 1417 2217 392
1442 2171 1451 2198 :

441 2252 603 2298 Quaeque
618 2253 735 2285 soror²
748 2251 942 2295 conjuxque
956 2249 970 2270 ³
985 2251 1081 2284 ducis
1091 2249 1117 2292 4,
1135 2256 1367 2284 monumenta
1383 2254 1551 2294 pararunt
1564 2274 1575 2291 ,

487 2311 678 2357 Navalique
694 2325 796 2355 gener
810 2311 824 2332 ⁵
838 2312 971 2346 cinctus
985 2310 1119 2345 honore
1137 2317 1249 2355 caput.

265 2430 275 2447 ¹
303 2426 376 2461 Lib.
399 2426 493 2466 LIV,
513 2438 589 2470 pag.
606 2424 669 2459 536
685 2431 720 2457 et
737 2423 811 2467 537.

265 2485 280 2503 ²
303 2481 448 2516 Octavia
462 2508 470 2525 ,
485 2493 585 2515 soror
605 2478 763 2525 Augusti.

262 2536 277 2557 3
300 2537 407 2570 Livia.

262 2594 277 2617 ⁴
301 2592 462 2637 Augusti.

263 2649 275 2670 ⁵
298 2648 473 2693 Agrippa,
493 2648 551 2692 qni
569 2647 705 2682 rostrali
720 2659 850 2681 corona
867 2646 1015 2681 donatus
1034 2646 1074 2680 ab
1088 2644 1269 2690 August03
1299 2643 1394 2678 unde
1418 2655 1500 2678 eum
1518 2642 1645 2688 Virgi-

218 2703 298 2746 lius,
319 2701 460 2736 AEneid.
489 2700 545 2736 lib.
564 2701 656 2735 VIII
671 2727 679 2745 ‚
698 2714 784 2735 vers.
801 2701 866 2744 684
879 2727 889 2744 ,
907 2700 955 2735 sie
971 2700 1126 2745 designat
1145 2712 1152 2734 z
1172 2713 1189 2729 «t
1207 2725 1215 2733 .
1227 2725 1234 2733 .
1246 2724 1254 2733 .
1273 2699 1327 2734 cui
1344 2698 1424 2734 belli
1435 2698 1568 2744 insigne
1584 2710 1644 2732 su-
