1794 3100
445 187 536 231 DE
566 186 618 229 P.
655 185 922 231 OVIDIO
953 184 1249 230 NASONE.
1473 185 1561 247 367

133 292 264 343 ηιᾳῃζ,
282 279 489 337 Graveut
503 288 588 324 etc.
601 278 710 325 Vid.
728 279 854 324 Neue
869 278 1086 329 Bibliqtek
1102 279 1186 326 der,
1202 278 1423 324 schoenen
1447 281 1572 325 Ws-

135 354 416 415 semchaften
444 354 542 398 und
554 355 724 416 freyen
753 352 960 403 Kic'nste,
994 354 1126 396 Tom.
1157 353 1298 422 VIII,
1323 368 1424 413 pag.
1456 353 1564 409 161,

133 445 235 490 sqq.
251 429 452 490 Leipzig.
485 429 662 490 1769,'
650 444 716 470 m-
697 428 784 475 -8ο

193 503 362 549 Locum
373 501 456 548 lib.
468 503 561 548 VII
580 501 882 562 Metamorph.
903 515 1004 544 cum
1017 470 1257 560 Apollonio
1273 500 1450 545 Rhodio
1469 516 1570 546 con-

135 571 225 621 sert
243 575 337 619 Jac.
368 574 570 628 Tollius,
605 575 652 617 in
678 580 809 633 gustu
842 572 1112 619 Criticarum
1137 570 1571 616 animadversionum

136 645 194 689 ad
204 646 477 706 Longinum,
494 661 593 707 pag.
622 643 711 699 354
732 660 826 704 seq.
848 644 991 686 Locus
1009 641 1064 685 de
1088 629 1308 686 Phoenicis
1327 645 1571 704 reparatio-

133 734 191 763 ne
217 735 270 763 ex
292 717 375 764 lib.
397 720 502 774 XV,
531 735 633 763 cum
652 720 769 762 notis
795 717 854 762 G.
879 719 931 760 B.
957 714 1149 777 Speltini
1162 750 1174 770 ,
1211 723 1348 759 exstat
1373 717 1419 758 in
1437 716 1569 772 hujus

133 800 391 852 poematum
410 794 638 838 variorum
656 790 933 844 collectione,
953 787 1072 834 edita
1087 788 1260 833 Erfurti
1286 789 1335 831 15
1342 804 1367 832 o
1377 805 1414 844 1,
1436 788 1568 844 in-lp’.

133 863 408 911 Fabularum
439 864 593 911 Ovidii
621 865 836 926 expositio
864 861 1028 907 tradita
1059 861 1373 908 invAcademia
1403 863 1568 923 Regio—

134 943 342 980 montana
355 953 380 980 a
393 937 455 984 G.
469 936 638 984 Sabino
650 971 666 987 ,
683 935 839 982 Viteb.
867 937 998 986 1555,
1013 937 1142 979 in-80.
1170 936 1298 998 1559,
1319 936 1447 979 in-80.
1465 936 1564 980 Nic.

142 1007 309 1055 Triveti
316 1042 330 1063 ,
345 1010 627 1060 Dominicani
638 1044 652 1064 ,
664 1011 1004 1054 commentarios
1021 1010 1067 1052 in
1079 1008 1292 1058 Senecam
1308 1010 1564 1070 Tragicum,

136 1080 567 1126 Transformationes
593 1081 771 1138 Ovidii,
792 1083 1031 1127 Boethium
1053 1081 1110 1126 de
1124 1081 1441 1127 Consolatione
1456 1084 1570 1127 Phi-

119 1150 346 1224 ‘losophiae
357 1185 371 1207 ‚
395 1154 695 1214 Augustinum
714 1153 770 1197 de
789 1155 983 1199 Civitate
1000 1155 1112 1208 Dei,
1136 1162 1181 1198 et
1199 1155 1247 1196 in
1264 1153 1496 1198 Valerium
1513 1154 1570 1200 de

135 1239 227 1273 non
250 1225 455 1282 ducenda
475 1242 633 1282 uxore,
658 1236 876 1278 memorat
894 1228 971 1272 Jo.
998 1227 1225 1272 Lelandus
1246 1227 1303 1272 de
1327 1227 1570 1289 Scriptori-

135 1295 218 1340 bus
241 1299 531 1355 Britannicis,
562 1315 663 1360 pag.
698 1299 809 1360 3²73
828 1299 1053 1360 Ioannem
1077 1300 1187 1346 item
1206 1298 1491 1345 Guallensem
1519 1301 1566 1342 in

134 1365 303 1414 fabulas
332 1369 487 1414 Ovidii
505 1404 518 1425 ‚
551 1387 651 1432 pag.
680 1371 784 1429 307.
818 1370 994 1419 Habuit,
1015 1371 1150 1414 etiam
1171 1372 1219 1413 in
1242 1370 1397 1414 Ovidii
1425 1373 1571 1415 Meta-

132 1441 392 1502 morphoses
411 1446 597 1504 antiqua
615 1442 781 1489 scholia
803 1443 934 1503 Casp.
959 1442 1167 1487 Barthius
1180 1475 1194 1496 ,
1219 1458 1318 1502 quae
1341 1441 1568 1490 editurum

132 1527 180 1556 se
196 1516 368 1576 recepit
387 1517 521 1560 Tom.
540 1518 611 1571 ΙΙ,
639 1517 686 1560 in
705 1516 921 1570 Statium,
946 1531 1044 1577 pag.
1067 1514 1174 1570 654.
1196 1517 1249 1560 In
1270 1517 1496 1560 memoriis
1514 1514 1571 1559 li-

84 1631 89 1634 ,
134 1586 310 1629 tei-ariis
327 1586 659 1631 Dombensibus
673 1621 686 1642 ,
707 1590 799 1631 sive
820 1585 1094 1631 Trevoltinis
1107 1621 1120 1641 ,
1150 1604 1222 1631 an.
1255 1603 1269 1630 1
1282 1589 1366 1649 7⁰5
1381 1622 1393 1643 ‚
1417 1603 1567 1632 mense

133 1656 255 1701 Maio
268 1690 284 1713 ,
307 1676 408 1721 pag.
435 1661 517 1704 381
537 1695 550 1715 ‚
576 1660 770 1704 traditur
791 1660 1056 1704 cultissimus
1074 1668 1206 1721 poeta
1222 1662 1248 1704 J
1252 1676 1414 1704 oannes
1434 1661 1568 1705 Com—

131 1730 287 1774 mitius
310 1732 358 1776 S.
377 1735 405 1777 J
412 1767 422 1777 .
444 1749 545 1777 cum
561 1734 661 1777 Nic.
685 1735 871 1779 Heinsio
891 1733 1222 1777 emendationes
1243 1750 1339 1776 suas
1359 1735 1405 1776 in
1423 1734 1567 1778 Naso-

132 1803 200 1846 nis
228 1805 611 1868 Metamorphoses
633 1809 994 1851 communicasse.
1018 1808 1117 1851 Feu
1143 1807 1216 1850 M.
1246 1808 1384 1866 Bigot
1405 1823 1435 1849 a
1457 1806 1523 1849 dit
1539 1809 1570 1849 ὰ

131 1879 212 1925 des
222 1897 468 1941 personnes
486 1882 646 1944 dignes
666 1883 721 1927 de
722 1883 805 1941 foi
810 1915 823 1936 ,
848 1880 954 1942 qu’il
972 1883 1093 1925 avait
1116 1883 1415 1941 communique'
1439 1884 1470 1924 ὰ
1488 1881 1572 1925 ,Νί-

132 1952 284 1998 colaus
309 1955 523 1999 Heinsius
543 1955 623 2000 des
644 1958 911 1999 corrections
936 1955 992 1999 de
1015 1971 1062 1998 ce
1086 1956 1201 1999 Pare
1226 1971 1304 1998 sur
1323 1971 1393 1998 ses
1415 1956 1570 1998 Mata-

132 2027 386 2088 morphoses
405 2028 597 2073 d’Ovide
621 2047 635 2072 :
660 2029 844 2078 celle-ci,
872 2027 1156 2079 entr'autreS,
1178 2028 1297 2071 dans
1314 2028 1354 2072 le
1373 2031 1568 2072 onzieme

131 2098 243 2146 livre.
262 2100 342 2145 des
361 2102 745 2163 Metamorphoses
762 2138 776 2153 ,
806 2119 855 2145 v.
882 2100 970 2164 764
997 2120 1008 2146 ;

495 2227 502 2235 .
517 2227 525 2235 .
537 2225 547 2235 .
578 2200 763 2237 ΑΙειίῑὶιοέ
779 2201 935 2237 Granico
949 2208 1032 2237 nata
1045 2201 1191 2237 bicorni.

138 2291 212 2336 On
229 2291 347 2336 lisait
358 2292 476 2338 dans
497 2305 640 2338 tontes
659 2293 721 2337 les
741 2293 930 2338 editions
951 2312 966 2335 .-

492 2418 500 2426 .
515 2418 522 2426 .
536 2418 544 2426 .
574 2392 759 2428 Alexithoe
777 2393 896 2439 gracili
914 2400 1040 2430 conata
1054 2393 1192 2429 bicorni
1208 2395 1230 2428 ¹.

189 2484 352 2530 Latino
370 2501 572 2533 sermone
592 2486 736 2531 soluto
759 2488 980 2531 orationes
998 2488 1146 2545 Aiacis
1162 2496 1206 2531 et
1222 2487 1366 2531 Ulixis
1385 2503 1437 2532 ex
1447 2487 1565 2533 libro

176 2599 188 2618 ¹
214 2596 324 2633 Plura
337 2597 381 2633 ad
400 2597 739 2645 Metamorphoseon
763 2598 871 2635 libros
887 2599 1099 2647 pertinentia
1122 2598 1262 2645 collegit
1278 2599 1417 2635 Harles.
1437 2600 1474 2633 in
1497 2598 1568 2634 In—

135 2654 285 2691 troduct.
303 2654 347 2690 ad
370 2655 452 2692 Not.
468 2655 517 2691 lit.
534 2655 638 2691 Rom.
656 2656 696 2691 P.
716 2656 754 2692 II
765 2682 775 2699 ,
794 2668 870 2701 pag.
886 2657 949 2701 472
972 2668 1022 2702 sq.
1042 2663 1078 2691 et
1096 2655 1134 2691 in
1149 2655 1301 2692 breviori
1319 2656 1401 2691 Not.
1421 2668 1455 2700 p.
1477 2655 1542 2702 289
1555 2680 1568 2697 ‚

132 2710 210 2746 coll.
226 2710 407 2760 supplem.
429 2712 470 2746 ad
491 2712 655 2748 eamdem
674 2713 715 2747 P.
739 2713 756 2748 1
772 2739 782 2754 ,
800 2725 875 2759 pag.
891 2713 952 2756 481
969 2725 1019 2758 sq.
1037 2711 1147 2758 (edit.
1164 2711 1307 2758 Bipont.
1325 2712 1339 2754 )
