1794 3100
155 228 156 231 ¹
219 210 304 253 328
469 210 933 255 TESTIMONIA
962 212 1052 254 ET
1091 211 1390 256 JUDlCIA

217 324 241 344 »
268 314 416 350 orator
431 315 578 369 potest
594 315 735 369 poetae
758 303 911 352 similis
929 303 1064 352 videri
1076 342 1087 362 ,
1106 303 1276 354 solebat
1291 305 1478 354 Scaurus
1497 306 1630 354 Mone

221 401 242 419 »
269 390 418 427 tanum
439 380 553 428 inter
574 393 768 429 oratores
801 380 1011 429 Ovidium
1031 400 1206 440 vocare;
1230 401 1330 429 nam
1353 374 1407 430 et
1442 380 1631 430 Ovidius

219 479 242 497 »
268 457 427 515 nescit,
454 457 574 523 quod
607 458 717 506 bene
751 459 904 517 cessit,
935 458 1191 526 relinquere.
1229 461 1334 508 Non
1361 458 1499 508 multa
1520 459 1629 508 refe-

219 556 241 575 »
269 553 358 581 ram
376 572 387 592 ,
413 553 508 600 quae
532 535 817 583 Montaniana
848 536 1036 584 Scaurus
1060 538 1256 586 vocabat.
1290 539 1392 585 Uno
1416 537 1502 585 hoc
1526 555 1630 585 con-

224 633 247 652 »
273 622 422 659 tentus
446 629 546 659 ero:
567 631 707 680 quum
724 612 944 678 Polyxena
968 625 1081 663 esset
1102 614 1316 673 abducta,
1341 625 1391 662 ut
1413 614 1468 662 ad
1486 626 1630 666 tumu—

221 709 243 727 »
273 686 365 734 lum
393 686 580 735 Achillis
614 688 938 747 immolaretur,
968 690 1150 738 Hecuba
1180 686 1308 748 dixit,
1333 691 1513 738 Metam.
1549 690 1627 739 lib.

222 787 244 806 >›
268 766 404 822 XIII,
432 784 540 813 vers.
572 765 663 813 503
686 787 695 813 :

834 890 841 898 .
857 890 863 898 .
879 890 885 898 .
913 854 998 901 cinis
1015 866 1085 910 ipse
1102 865 1226 911 sepulti

434 926 436 928 ’
477 924 518 959 In
535 937 643 970 genus
661 925 726 959 hoc
746 932 887 970 pugnat.
1004 927 1007 929 ’

219 1048 243 1068 »
271 1026 450 1075 Poterat
468 1026 555 1074 hoc
577 1037 811 1074 contentus
832 1044 950 1083 esse;
975 1025 1131 1090 adjecit
1150 1046 1160 1073 :

547 1170 555 1178 .
570 1172 576 1178 .
592 1171 598 1179 .
627 1146 763 1180 tumulo
779 1159 917 1191 quoque
932 1146 1103 1181 sensimus
1117 1146 1263 1182 hostem.

220 1270 240 1288 »
268 1249 359 1295 Nec
382 1247 466 1294 hoc
487 1258 721 1295 contentus
736 1284 748 1304 ,
775 1246 931 1311 adjecit
949 1286 959 1304 ,

432 1369 585 1404 AEacidae
602 1369 750 1404 secunda
767 1368 829 1403 fui.

217 1495 238 1514 »
270 1472 427 1519 Aiebat
445 1481 588 1525 autem
612 1470 800 1517 Scaurus
824 1488 915 1517 rem
940 1488 1084 1517 veram
1109 1490 1118 1517 :
1139 1488 1232 1517 non
1257 1469 1403 1517 minus
1426 1488 1626 1532 magnam

217 1573 238 1592 »
267 1550 472 1596 virtutem
494 1565 612 1605 esse,
642 1546 750 1594 scire
771 1546 963 1594 desinere
981 1586 990 1603 ,
1017 1565 1148 1611 quam
1171 1545 1280 1595 scire
1305 1545 1460 1594 dicere.
1489 1559 1512 1588 ἃ)

275 1627 400 1672 IDEM
412 1661 423 1680 ,
441 1623 748 1671 Controversia
764 1634 918 1671 XXXIII
940 1642 949 1669 ε
972 1644 994 1664 «
1011 1621 1233 1679 Vinicius,
1253 1616 1448 1670 summus
1460 1631 1628 1671 amator

213 1724 235 1744 >›
266 1701 450 1758 Ovidii,
485 1700 602 1748 hunc
638 1700 783 1747 aiebat
816 1719 991 1749 sensum
1013 1699 1310 1747 disertissime
1332 1699 1451 1765 apud
1482 1701 1626 1748 Naso-

213 1801 235 1821 »
263 1798 362 1826 nem
387 1778 596 1826 Ovidium
620 1796 712 1826 esse
740 1777 933 1843 positum
948 1814 958 1834 ,
987 1796 1115 1842 quem
1138 1776 1193 1824 ad
1218 1776 1442 1839 fingendas
1462 1775 1625 1841 similes

211 1878 233 1897 »
265 1855 500 1903 sententias
516 1855 657 1903 aiebat
673 1873 765 1902 esse
782 1854 984 1903 memoria
1005 1854 1255 1902 tenendum.
1276 1853 1437 1902 Occiso
1451 1851 1622 1900 Achille

210 1957 231 1975 »
260 1934 345 1981 hoc
368 1934 660 1999 epiphonema
678 1932 888 1998 adponit,
913 1933 1022 1980 Met.
1048 1930 1125 1978 lib.
1150 1931 1259 1987 XII,
1283 1949 1391 1979 vers.
1419 1929 1510 1996 607
1532 1949 1542 1977 :

427 2054 534 2100 Quod
553 2054 714 2089 Priamus
727 2053 875 2098 gaudere
890 2065 995 2088 senex
1009 2059 1085 2098 post
1100 2053 1256 2087 Hectora
1269 2060 1413 2097 posset,

421 2115 501 2150 Hoc
514 2115 591 2148 fuit.

265 2220 642 2282 QUINTILIANUS‚
662 2218 805 2264 Instit.
828 2218 952 2265 Orat.
979 2216 1054 2264 lib.
1079 2220 1143 2274 X,
1163 2235 1257 2282 cap.
1284 2234 1303 2263 1
1328 2236 1338 2263 :
1364 2238 1386 2258 «
1408 2216 1615 2264 Lascivus

201 2319 224 2338 »
252 2297 297 2343 in
320 2294 520 2343 Heroicis
545 2314 723 2361 quoque
748 2295 937 2343 Ovidius
953 2335 963 2352 ,
988 2306 1032 2342 et
1055 2293 1237 2342 nimium
1260 2304 1428 2342 amator
1448 2291 1615 2354 ingenii

201 2395 225 2415 2»
255 2373 322 2421 sui
340 2393 349 2430 ;
374 2370 617 2420 laudandus
633 2383 776 2419 tamen
794 2372 839 2419 in
856 2373 1070 2438 partibus.
1099 2395 1121 2414 »
1143 2374 1204 2419 Et
1221 2390 1321 2419 mox
1343 2391 1352 2418 :
1376 2393 1399 2414 «
1427 2371 1616 2420 Ovidius

199 2470 222 2490 >›
253 2447 433 2496 Tibullo
460 2460 503 2495 et
524 2448 758 2515 Propertio
781 2447 991 2496 lascivior.
1023 2471 1046 2490 >2
1081 2450 1140 2495 Et
1169 2447 1326 2496 iterum
1358 2467 1368 2494 ε
1403 2469 1427 2490 ι(
1462 2447 1614 2496 Ovidii

199 2547 222 2567 >›
249 2525 404 2573 Medea
427 2525 605 2574 videtur
613 2525 721 2573 mihi
740 2526 989 2583 ostendere,
1010 2536 1222 2591 quantum
1237 2524 1303 2571 vir
1318 2523 1392 2572 ille
1407 2535 1614 2590 praestare

198 2622 220 2642 2)
248 2601 472 2665 potuerit,
509 2602 546 2648 si
579 2601 755 2664 ingenio
796 2620 877 2649 suo
912 2613 1149 2667 temperare
1174 2638 1185 2658 ,
1223 2618 1353 2665 quam
1385 2597 1612 2662 indulgere

199 2700 221 2720 >›
249 2677 484 2726 maluisset.
511 2702 534 2721 »
562 2680 675 2726 Vide
696 2677 884 2741 Quintil.
906 2681 1021 2727 nost.
1042 2678 1143 2726 edit.
1162 2675 1247 2724 vol.
1268 2679 1344 2725 IV.
1362 2684 1372 2691 ⁹
