1794 3100
782 228 952 274 IBIS.
1538 246 1583 272 11

136 328 238 377 Sive
259 324 502 393 peregrinae
522 335 706 391 carpent
731 342 828 373 mea
851 323 1050 373 membra
1074 322 1306 382 volucres;

204 404 306 454 Sive
326 422 426 453 meo
451 403 626 466 tingent
647 402 864 466 sanguine
885 415 1035 452 rostra
1057 401 1154 470 lupi
1175 422 1187 452 ε

139 483 239 532 Sive
264 481 426 548 aliquis
448 481 659 545 dignatus
682 481 768 530 erit
790 500 1046 549 supponere
1073 493 1199 530 terrae
1215 518 1227 539 ‚

205 563 267 610 Et
290 560 393 610 dare
414 559 591 627 plebeio
617 579 781 628 corpus
805 560 937 609 inane
963 579 1076 623 rogo
1098 580 1108 608 :

142 637 380 706 Quidquid
405 658 507 697 ero,
537 638 705 705 Stygiis
730 657 961 706 erumpere
983 638 1104 687 nitar
1125 638 1181 686 ab
1209 637 1301 686 oris
1316 674 1328 694 ‚
1535 648 1596 682 155

207 719 270 766 Et
293 717 471 766 tendam
496 716 664 780 gelidas
687 716 810 766 ultor
831 718 879 765 in
903 737 980 766 ora
1001 735 1174 765 manus.

141 797 219 845 Me
242 794 431 859 vigilans
454 813 606 844 cernes
629 815 639 844 :
662 788 817 844 tacitis!
831 815 915 860 ego
939 796 1088 844 noctis
1109 795 1158 844 in
1179 793 1353 844 umbris

208 874 444 923 Excutiam
468 893 672 933 somnos,
698 873 822 923 visus
844 874 1019 933 adesse,
1047 885 1165 923 tuos.

140 952 348 1019 Denique
367 951 587 1018 quidquid
609 971 713 1015 ages
731 989 743 1010 ‚
767 963 870 1000 ante
895 971 946 1001 os
972 951 1222 1019 oculosque
1246 949 1436 1006 volabo,

208 1033 272 1080 Et
293 1050 478 1098 querar,
501 1043 545 1079 et
567 1031 693 1080 nulla
715 1032 817 1081 sede
841 1033 1020 1099 quietus
1045 1032 1145 1081 eris.
1537 1043 1598 1076 ¹6⁰

144 1111 343 1160 Verbera
367 1122 490 1159 torta
513 1109 688 1159 dabunt
711 1110 938 1167 sonitum;
963 1129 1174 1176 nexaeque
1199 1108 1397 1157 colubris

214 1190 404 1239 Conscia
428 1189 669 1238 fumabunt
691 1208 867 1257 semper
884 1189 940 1238 ad
965 1209 1042 1238 ora
1066 1189 1197 1238 faces.

146 1269 234 1318 His
254 1268 379 1318 vivus
401 1268 529 1318 furiis
549 1269 775 1332 agitabere
789 1307 801 1328 ‚
822 1281 1027 1317 mortuus
1049 1269 1190 1317 isdem
1211 1288 1222 1326 3

213 1348 275 1396 Et
293 1346 476 1396 brevior
498 1366 630 1415 poena
653 1347 744 1396 vita
766 1347 918 1395 futura
942 1358 1016 1394 tua
1039 1358 1120 1395 est.

149 1429 242 1477 Nec
264 1427 349 1477 tibi
367 1427 630 1491 contingent
651 1426 788 1475 funus
810 1425 1102 1493 lacrymaeque
1128 1436 1331 1481 tuorum3

1540 1436 1602 1470 165

214 1505 554 1574 Indeploratum
572 1505 807 1572 projiciere
831 1516 980 1571 caput.

150 1621 223 1648 tem
243 1626 316 1648 esse
337 1612 551 1648 solutionem
576 1612 705 1648 animae
724 1625 743 1647 a
762 1625 838 1647 cor-

149 1678 263 1710 pore:
291 1667 304 1701 ὃ
326 1666 461 1705 θάνατος
484 1668 570 1705 λύσις
599 1670 653 1701 καὶ
679 1667 839 1712 χωρισμὸς

153 1728 258 1765 ψυχῆς
274 1719 333 1755 οἰκ-ὲ
351 1722 502 1765 σώματος.

199 1773 273 1806 151.
294 1773 653 1817 Volucresperegrmae.
669 1771 840 1807 Vultur-es

152 1824 374 1860 habebantur
397 1838 476 1860 aves
503 1824 699 1871 peregrinae
713 1851 723 1868 ,
743 1823 839 1869 quasi

152 1893 195 1914 ex
216 1879 332 1915 alieno
354 1880 438 1915 orbe
459 1879 653 1915 venientes.
675 1878 785 1915 Unde
804 1885 840 1913 et

153 1930 250 1968 bellis
267 1933 424 1968 civilibus
444 1939 624 1968 venerunt
640 1945 720 1967 aves
740 1944 839 1966 nun-

155 1997 262 2028 quam
278 1992 380 2020 antea
396 1985 477 2021 visae
490 2012 500 2026 ‚
520 1985 634 2031 specie
659 1984 763 2031 paulo
783 1984 842 2018 in-

154 2034 210 2070 fra
219 2037 413 2081 columbas,
433 2050 519 2083 quas
533 2037 757 2083 adpellabant
769 2038 843 2071 Be-

156 2090 303 2124 tn‘euoes.

206 2140 279 2175 16¹.
303 2142 446 2176 Verbera
465 2155 566 2177 seva.
596 2141 743 2177 Verbera
754 2146 844 2175 torta

157 2192 281 2238 prime
298 2191 470 2228 editiones
486 2201 522 2229 et
538 2201 610 2229 tres
624 2193 742 2240 scripti
756 2207 766 2236 ;
783 2207 843 2227 re-

155 2253 211 2280 cte
227 2257 237 2279 t
252 2245 411 2280 Tibullus
422 2271 432 2290 ‚
449 2245 508 2280 lib.
521 2246 537 2281 Ι
550 2272 560 2290 ,
578 2247 677 2292 Eleg.
689 2258 750 2288 vl,
775 2248 817 2290 45
832 2259 840 2281 :

157 2314 175 2329 α
191 2312 258 2334 nec
268 2312 385 2335 acrem
396 2299 608 2343 Flammam,
616 2313 683 2336 nec
693 2300 843 2335 demens

155 2352 304 2387 verbera
319 2359 412 2387 torta
422 2352 546 2393 timet3
561 2367 578 2383 ν
594 2353 694 2399 Eleg.
705 2364 743 2387 lx
756 2379 765 2396 ,
785 2365 843 2386 22:

157 2419 175 2436 α
192 2405 328 2441 intorto
344 2406 492 2440 verbere
509 2413 607 2450 terga
621 2418 697 2440 seca
712 2420 722 2448 ;
739 2421 757 2437 ιο
775 2405 844 2440 Se-

155 2471 243 2493 neca
263 2457 420 2506 Thyeste
445 2472 453 2494 :
479 2473 497 2488 «t
521 2457 622 2503 Quid
647 2470 709 2492 ora
733 2465 844 2493 terres

157 2510 304 2546 verbere
316 2537 326 2555 ,
337 2518 374 2547 et
389 2518 500 2546 tortos
509 2511 609 2546 ferox
622 2510 774 2545 Minaris
786 2523 846 2546 an-

157 2562 266 2608 gues?
279 2578 296 2594 »
313 2570 350 2599 et
366 2563 498 2599 Medea
511 2577 520 2598 :
533 2578 550 2594 (τ
565 2563 687 2609 anguis
704 2575 845 2599 excusso

155 2623 259 2652 sonat
275 2616 408 2652 Torius
426 2617 589 2664 flagello3
615 2632 632 2647 »
656 2617 733 2652 Val.
753 2616 844 2652 Flac.

158 2669 253 2706 VIII
267 2696 277 2714 ,
301 2683 345 2707 ao
364 2684 373 2707 ε
393 2686 412 2702 κ
435 2671 524 2706 Inde
537 2697 547 2714 ,
569 2671 668 2707 velut
678 2678 773 2706 torto
786 2671 846 2705 fu—

157 2721 293 2757 riarum
303 2730 419 2758 erecta
429 2722 567 2770 flagello
580 2751 588 2767 ,
614 2723 766 2759 Prosilit.
783 2738 799 2752 »ν

209 2775 282 2811 162.
311 2779 469 2814 Conscia.
496 2776 625 2814 Cicero
649 2791 714 2824 pro
740 2777 847 2813 Sexto

905 1608 1035 1645 Roscio
1048 1636 1057 1653 ,
1076 1608 1182 1649 dicit:
1197 1623 1215 1639 «
1234 1607 1354 1643 Nolite
1373 1614 1498 1654 putare
1513 1634 1522 1651 ‚
1541 1620 1603 1643 eos

906 1663 966 1710 qui
980 1661 1111 1709 aliquid
1126 1662 1234 1709 impie
1248 1662 1487 1708 scelerateque
1503 1675 1601 1697 com-

906 1718 1082 1753 miserunt
1097 1743 1106 1761 ,
1127 1717 1249 1763 agitari
1267 1723 1304 1751 et
1325 1716 1517 1762 perterreri
1540 1722 1605 1751 tae-

907 1770 960 1805 dis
973 1769 1180 1805 ardentibus
1198 1782 1280 1804 :sua
1293 1781 1472 1814 quemque
1484 1767 1582 1803 fraus
1592 1795 1602 1812 ,

905 1836 990 1858 suus
1016 1835 1118 1857 error
1148 1822 1303 1856 maxime
1336 1827 1437 1856 vexat
1462 1834 1470 1855 :
1496 1834 1603 1855 suum

908 1890 1088 1923 quemque
1105 1876 1216 1912 scelus
1229 1876 1354 1922 agitat,
1374 1875 1601 1921 amentiaque

909 1928 1027 1964 adficit
1042 1942 1049 1963 :
1066 1942 1137 1964 suae
1151 1928 1253 1963 malae
1267 1927 1498 1974 cogitationes
1514 1940 1602 1962 con-

907 1983 1133 2029 scientiaeque
1153 1983 1262 2017 animi
1281 1989 1438 2017 terrent:
1455 1994 1505 2017 eae
1518 1988 1604 2016 sunt

906 2036 1024 2082 impiis
1058 2036 1213 2071 adsiduae
1242 2035 1512 2080 domesticaeque
1537 2034 1604 2069 su-

908 2089 970 2124 riae
984 2115 993 2133 ,
1012 2102 1090 2134 quae
1107 2088 1182 2124 dies
1198 2096 1389 2134 noctesque
1411 2094 1602 2134 parentum

909 2155 1030 2188 poenas
1054 2156 1072 2177 a
1097 2142 1371 2177 sceleratissimis
1391 2140 1471 2176 filiis
1490 2154 1603 2187 repe-

910 2203 998 2231 tant.
1017 2211 1034 2226 »

957 2248 1029 2283 165.
1043 2249 1117 2282 Nec
1129 2251 1197 2282 tibi
1203 2250 1384 2292 continget.
1404 2248 1607 2290 Contingent

908 2301 1085 2337 nonnulli.
1099 2302 1269 2342 H.—Nec
1278 2303 1346 2336 tibi
1354 2304 1526 2346 continget
1537 2307 1602 2336 etc.

910 2354 1190 2390 Acerbissimum
1209 2353 1244 2389 id
1264 2354 1442 2389 veteribus
1461 2352 1576 2388 visum
1592 2380 1602 2397 ,

910 2408 938 2443 si
955 2407 1144 2453 sepulturae
1160 2407 1298 2441 honore
1316 2411 1489 2440 carerent.
1506 2405 1603 2441 Hinc

910 2467 963 2495 est
978 2487 988 2504 ,
1016 2459 1112 2505 quod
1133 2459 1294 2494 exsilium
1311 2471 1416 2493 suum
1433 2457 1605 2504 deprece-

910 2522 971 2550 tur
994 2515 1089 2551 Naso
1102 2541 1111 2558 ,
1130 2513 1189 2549 lib.
1210 2514 1266 2549 111
1286 2513 1394 2549 Trist.
1418 2511 1516 2559 Eleg.
1535 2524 1604 2556 111,

914 2569 958 2612 4ο
977 2581 984 2602 :
1002 2582 1019 2597 «
1033 2566 1246 2612 Depositum
1264 2578 1330 2602 nec
1347 2579 1406 2601 me
1422 2566 1482 2612 qui
1503 2565 1605 2609 fleat,

914 2619 1006 2654 ullus
1024 2618 1118 2654 erit?
1139 2633 1156 2649 n
1180 2617 1366 2664 Optabam
1386 2618 1484 2654 enim
1503 2619 1606 2664 prisci

912 2673 961 2708 illi
983 2673 1122 2718 sepeliri
1141 2686 1177 2708 se
1191 2700 1201 2717 ‚
1229 2673 1465 2708 morientibus
1487 2672 1605 2708 oculos

912 2724 1051 2770 claudi,
1072 2725 1114 2760 ab
1132 2725 1252 2762 amicis
1270 2726 1392 2773 lugeri.
1410 2725 1567 2762 Dzssm„

960 2780 1238 2825 166.Pr0j1·cim.
1255 2779 1419 2826 Corpora
1433 2807 1442 2824 ,
1460 2792 1537 2825 quae
1553 2792 1606 2814 se-
