1794 3100
743 221 908 268 IBIS.
1516 222 1540 262 5

105 323 253 388 Quam
276 319 388 369 mihi
411 318 469 369 sit
491 330 638 368 tecum
663 317 847 386 positis,
870 335 968 385 quae
990 315 1256 375 sumsimuS,
1280 315 1414 365 armis

169 398 342 454 Gratia,
367 396 617 446 commissis
632 435 644 455 ,
668 395 875 464 improbe
890 433 902 454 ,
926 405 1057 462 rupta
1082 393 1172 444 tuis
1192 413 1202 442 :
1502 405 1546 451 4ο

104 476 250 541 Quam
271 474 400 524 dolor
417 474 490 523 hic
510 493 707 542 unquam
732 473 879 540 spatio
905 490 1157 521 evanescere
1181 471 1328 538 possit
1343 509 1355 530 ,

169 552 326 602 Leniat
344 564 422 600 aut
450 552 601 601 odium
627 563 802 618 tempus
827 561 872 599 et
894 549 1006 599 hora
1029 549 1202 598 meum!

102 629 195 679 Pax
215 630 300 680 erit
323 630 414 679 haec
438 631 595 688 nobis,
626 629 766 678 donec
790 628 900 678 mihi
922 627 1011 676 vita
1035 626 1258 685 manebit,

168 707 280 756 Cum
302 726 462 774 pecore
481 706 658 755 infirmo
684 725 782 774 quae
804 704 920 755 solet
941 723 1036 754 esse
1060 703 1197 772 lupis.

102 786 250 836 Prima
273 787 450 855 quidem
477 799 623 855 coepto
647 785 919 835 committam
944 783 1095 852 praelia
1117 802 1277 833 versu:
1505 793 1549 840 45

167 869 271 916 Non
297 866 469 916 soleant
494 866 694 934 quamvis
718 866 805 914 hoc
830 864 942 932 pede
966 862 1082 913 bella
1104 863 1209 927 geri.

102 946 255 1012 thue
277 945 395 1012 petit
416 945 562 1012 primo
585 943 770 1012 plenum
793 943 994 992 flaventis
1016 961 1159 991 arena:

167 1022 382 1071 Nondum
408 1021 580 1070 calfacti
604 1020 749 1070 velitis
770 1022 900 1070 hasta
921 1020 1093 1078 solum;

106 1100 178 1150 sic
201 1119 284 1164 ego
309 1112 350 1149 te
374 1100 492 1148 ferro
516 1099 717 1148 nondum
737 1099 969 1166 jaculabor
992 1111 1123 1148 acuto
1140 1136 1152 1157 ,

172 1178 387 1226 Protinus
407 1177 600 1227 invisum
624 1197 705 1227 nec
728 1190 852 1245 petet
871 1178 998 1228 hasta
1022 1188 1170 1245 caput.
1509 1185 1552 1220 50

104 1256 166 1303 Et
187 1274 331 1323 neque
348 1273 511 1304 nomen
536 1255 583 1304 in
607 1256 718 1314 hoc,
745 1275 824 1305 nec
849 1256 989 1305 dicam
1012 1255 1126 1304 facta
1148 1252 1328 1312 libello;

169 1333 323 1400 Teque
345 1333 490 1392 brevi,
515 1334 591 1402 qui
615 1334 699 1393 sis,
726 1333 1002 1384 dissimulare
1027 1333 1182 1383 sinam.

104 1410 374 1471 Postmodo,
399 1413 436 1462 si
461 1432 642 1480 perges,
670 1413 714 1461 in
737 1425 778 1461 te
803 1412 911 1461 mihi
935 1411 1050 1461 liber
1068 1411 1245 1461 iambus

168 1489 327 1540 Tincta
351 1491 600 1559 Lycambeo
626 1492 840 1555 sanguine
865 1491 949 1541 tela
973 1490 1110 1539 dabit.

103 1569 259 1629 Nunc,
284 1589 374 1637 quo
399 1570 630 1619 Battiades
651 1569 879 1619 inimicum
903 1569 1086 1618 devovet
1108 1567 1212 1616 Ibin
1227 1605 1240 1626 ,
1505 1579 1550 1615 55

103 1677 223 1714 Jureti
254 1678 343 1714 libro
361 1705 371 1723 ,
398 1685 435 1714 et
462 1678 619 1726 quinque
643 1686 704 1714 aut
728 1691 788 1714 sex
854 1678 948 1714 Nota
968 1676 1116 1713 iambica
1139 1674 1361 1711 mordacitas.
1380 1673 1548 1709 Archilo-

103 1729 187 1766 aliis.
209 1731 344 1767 Hnms.

146 1784 201 1827 40.
232 1785 442 1818 commissit.
473 1784 674 1818 Promerms
703 1783 732 1818 al
738 1789 792 1818 ter

105 1837 318 1872 Puteaneus.
337 1837 423 1872 Post
440 1836 537 1872 hunc
553 1848 694 1871 versum
711 1835 793 1881 plu-

104 1889 204 1925 rime
234 1889 410 1926 editiones
439 1896 476 1925 et
502 1890 620 1935 scripti
651 1889 793 1924 insere—

106 1941 192 1977 bant
205 1941 400 1989 distichon,
416 1941 511 1988 quod
528 1941 685 1977 obcurrit
702 1942 795 1978 infra

109 2005 157 2028 vs.
182 1994 242 2029 133
258 2007 268 2028 ι
289 2001 325 2030 et
338 1994 502 2041 Micyllus
519 2001 619 2029 notat
631 1994 687 2029 hic
699 1994 796 2029 disti-

109 2043 175 2080 cha
190 2044 261 2080 duo
276 2046 390 2082 omitti
407 2047 442 2082 in
462 2046 535 2082 aliis
547 2046 733 2082 codicibus.

156 2097 209 2140 43.
232 2098 309 2132 Pax
331 2103 396 2134 erit
412 2101 483 2135 hec
503 2102 602 2135 nobis
621 2107 687 2135 etc.
708 2100 791 2135 Non

112 2149 278 2184 dissimile
304 2150 389 2184 illud
413 2152 524 2187 Flacci
542 2178 553 2195 ,
580 2152 692 2198 Epod.
711 2152 767 2188 IV
781 2179 791 2197 ,

110 2215 159 2237 vs.
179 2215 190 2236 1
211 2214 251 2236 εκ
274 2202 378 2248 Lupis
396 2209 431 2237 et
450 2203 546 2248 agnis
565 2211 695 2249 quanta
715 2217 795 2239 sor-

111 2253 178 2290 tito
193 2254 318 2300 obtigit
334 2281 343 2298 ,
366 2255 504 2290 Tecum
520 2255 607 2291 mihi
623 2256 795 2293 discordia

110 2315 174 2344 est.
186 2322 203 2338 n
222 2307 378 2344 Dsssn.

154 2362 208 2405 45.
227 2362 353 2406 Capto.
370 2361 537 2408 Coeptum
555 2375 696 2399 versum
709 2357 795 2399 sim-

111 2413 248 2459 pliciter
275 2413 430 2461 intellige
452 2442 462 2459 ‚
499 2428 570 2461 quo
595 2417 698 2461 coepit
722 2416 797 2451 haec

111 2465 261 2501 scribere
279 2466 315 2501 in
335 2467 413 2502 Ibin
426 2494 436 2512 ‚
456 2468 522 2504 hoc
534 2474 606 2512 est,
623 2468 797 2514 Elegiaco.

156 2517 209 2563 46.
230 2520 308 2554 Hoc
320 2522 416 2564 pede.
445 2521 536 2556 Nam
560 2528 677 2556 metro
700 2521 798 2555 iam-

111 2569 190 2605 bico
207 2571 391 2608 maledicta
406 2572 619 2609 scribuntur.

155 2624 210 2668 48.
226 2626 357 2659 Velae'ttlr.
370 2625 503 2661 Velites
516 2626 599 2661 levis
611 2632 798 2661 armaturae

112 2682 149 2711 et
165 2675 316 2722 expediti
335 2690 343 2712 :
361 2677 438 2713 vide
457 2679 617 2718 Turneb.
634 2680 676 2722 48
693 2705 701 2722 ,
723 2678 800 2713 Ad-

113 2742 202 2764 vers.
218 2729 264 2765 lib
279 2730 381 2775 XIV,
398 2744 472 2778 cap.
496 2746 509 2766 1
520 2747 546 2767 1.
562 2732 660 2767 DEN.

158 2783 210 2827 54.
224 2783 347 2818 Tincta
358 2784 547 2831 Lycambeo
557 2789 721 2831 sanguine
732 2793 798 2822 etc.

854 1731 961 1766 chum
974 1730 1130 1776 primurn
1146 1728 1271 1764 iambis
1283 1741 1386 1762 usum
1404 1727 1548 1762 volunt:

858 1790 899 1818 ut
918 1783 1043 1817 Horat.
1066 1782 1110 1817 de
1138 1782 1226 1816 Arte
1250 1781 1349 1816 Poet.
1374 1793 1463 1815 vers.
1489 1792 1551 1827 79:

861 1850 878 1866 ιι
890 1834 1142 1870 Archilochum
1155 1834 1297 1880 proprio
1314 1832 1427 1867 rabies
1440 1843 1551 1866 arma-

859 1887 908 1922 vit
926 1887 1043 1922 iambo
1057 1913 1067 1929 ‚
1089 1893 1154 1922 etc.
1174 1901 1191 1916 »
1211 1886 1412 1934 Lycamben
1426 1884 1523 1919 enim
1537 1910 1547 1928 ‚

860 1954 1021 1976 socerum
1030 1953 1154 1984 suum,
1169 1954 1187 1975 a
1197 1953 1268 1986 quo
1278 1939 1395 1975 minus
1403 1938 1552 1984 despon-

861 2002 944 2030 satae
961 1994 1041 2030 filiae
1058 1995 1189 2040 nuptiis
1204 1994 1276 2028 frui
1294 1999 1433 2039 posset,
1452 1992 1552 2027 viru-

858 2047 962 2082 lentis
974 2055 1009 2083 et
1018 2046 1355 2082 maledicentissimis
1364 2044 1549 2092 poematiis

859 2100 902 2136 ad
919 2101 1061 2146 laqueos
1077 2100 1204 2146 adegit.
1220 2100 1376 2135 Dzssm„

905 2156 957 2190 55.
975 2155 1167 2189 Battiades.
1187 2152 1427 2188 Callimachus
1439 2179 1448 2196 ‚
1468 2152 1551 2197 quia

862 2210 924 2246 υἶᾶς
945 2208 1061 2243 Βάττου
1082 2212 1135 2242 καὶ
1153 2207 1342 2251 Μεσάτμας,
1369 2212 1409 2240 ut
1434 2211 1485 2240 est
1512 2204 1552 2239 in.

861 2259 982 2295 Suida.
1000 2260 1071 2299 Alii
1087 2273 1106 2295 a
1126 2260 1233 2295 Batto
1252 2272 1333 2305 rege
1349 2285 1358 2302 ‚
1389 2258 1551 2306 Cyrenes

860 2313 1046 2349 conditore
1060 2341 1070 2358 ,
1098 2313 1147 2348 ita
1163 2320 1326 2348 vocatum
1347 2311 1493 2354 volunt,
1516 2318 1554 2356 et

863 2364 1092 2414 Cyrenenses
1105 2378 1230 2400 omnes
1238 2366 1423 2399 Battiades
1432 2362 1553 2398 dictos.

861 2419 994 2452 -lbim
1005 2418 1236 2464 Apollonium
1246 2415 1558 2451 Rhodium—Ini-

862 2473 993 2505 micum.
1005 2471 1099 2505 Nam
1108 2483 1220 2516 quum
1232 2469 1355 2504 suisset
1367 2467 1555 2514 discipulus

865 2520 1094 2565 Callimachi,
1116 2522 1227 2556 multa
1246 2547 1255 2564 ,
1280 2533 1358 2567 quae
1383 2534 1402 2555 a
1424 2533 1557 2566 praece-

864 2580 964 2619 ptore
982 2580 1189 2619 acceperat,
1215 2586 1280 2619 pro
1303 2573 1372 2608 suis
1398 2579 1558 2608 ostenta-

865 2628 933 2662 bat.
944 2628 1244 2663 Bon—Devovet
1251 2630 1337 2663 Ibin.
1348 2628 1430 2663 Non
1440 2627 1556 2663 solum

865 2688 1012 2727 propter
1030 2679 1272 2727 impuritatem
1293 2689 1328 2718 et
1351 2681 1556 2727 spurcitiem

865 2734 973 2780 ipsius
982 2733 1250 2781 significandam
1262 2762 1271 2779 ‚
1284 2735 1362 2770 Ibin
1375 2734 1440 2770 dici
1454 2741 1559 2780 puto:

865 2786 927 2822 sed
952 2793 989 2823 et
1008 2787 1089 2834 quia
1107 2787 1295 2836 AEgyptius
1315 2794 1404 2823 esset
1423 2787 1533 2833 patria
1547 2812 1564 2831 ι
