1794 3100
568 255 698 304 PER
731 260 772 302 J.
809 256 1112 302 MAssoN.
1475 271 1553 316 107

134 353 280 405 tunica
295 391 308 412 ‚
344 351 442 420 quie
465 351 513 399 in
535 347 668 408 choo,
695 363 783 399 tam
805 349 896 397 lato
923 369 1055 416 quam
1076 359 1292 412 angust0‚
1317 366 1561 414 purpuram

133 428 513 497 gestabat?12icet
537 429 653 478 enim
677 427 875 476 nondum
902 427 1018 476 inter
1042 427 1241 476 eruditos
1263 425 1317 475 de
1345 426 1450 475 clavi
1469 427 1562 475 for-

133 528 206 560 ma
230 516 243 536 ¹
262 507 526 558 ‘convenerit
544 546 556 566 ‚
583 525 675 555 uno
712 517 876 554 tamen·
897 524 972 554 ore
1008 503 1301 563 confitentur,
1326 515 1564 569 utrumque

137 584 297 637 clavum
333 585 470 636 latum
505 596 550 634 et
582 595 818 647 angustum
848 583 986 632 fuisse
1010 601 1261 650 purpureum
1285 621 1297 638 ,
1335 601 1384 630 ac
1409 581 1566 629 tunicae

137 664 344 714 adsutum
362 702 374 723 ‚
395 662 463 712 vel
482 663 713 712 intextum.

196 742 358 791 Oritur
370 753 415 790 et
425 740 508 789 alia
521 740 707 808 quaestio
722 758 773 790 ex
785 739 937 789 eodem
952 739 1144 787 Nasonis
1159 756 1302 796 versu,
1320 737 1398 803 qui
1410 753 1566 802 nempe

136 820 336 888 potuerit
351 831 528 878 noster,
552 819 728 885 equestri
753 829 925 866 tantum
957 818 1168 881 sanguine
1197 827 1457 883 procreatus
1472 853 1484 873 ‚
1506 815 1568 864 la-

135 889 337 950 ablavium
370 899 554 948 induere
588 897 783 946 tunicam
798 934 809 955 ‚
843 915 939 963 quae
969 894 1161 943 senatorii
1192 893 1362 942 ordinis
1400 894 1573 956 insigne

136 975 303 1046 passim
328 977 528 1025 habetur
558 982 575 1000 ²
600 976 620 1023 ?
654 975 702 1023 Si
744 974 999 1023 Manutium
1030 973 1258 1022 audiamus
1276 1011 1288 1031 ‚
1334 971 1571 1020 dicendum

139 1059 243 1117 erit,
272 1080 295 1101 «
322 1055 580 1106 laticlaviam
603 1055 800 1104 omnium
827 1054 982 1113 fuisse,
1003 1053 1080 1121 qui
1100 1052 1169 1101 vel
1205 1063 1331 1119 patre
1353 1063 1571 1108 senatore,

142 1161 167 1182 >›
197 1136 265 1186 vel
290 1136 439 1203 equite
458 1135 553 1184 nati
575 1146 742 1192 essent;
766 1153 858 1183 non
891 1132 1067 1201 quidem
1101 1152 1125 1180 a
1155 1131 1311 1199 primis
1335 1131 1462 1180 annis
1497 1149 1577 1198 per

144 1237 168 1258 »
196 1231 374 1262 omnem
403 1221 574 1260 aetatem
592 1248 604 1269 ‚
631 1211 708 1259 sed
730 1211 785 1258 ab
809 1229 923 1259 anno
939 1247 950 1268 ‚
977 1229 1066 1276 quo
1089 1207 1226 1256 virilis
1250 1219 1354 1270 toga
1382 1207 1580 1255 sumeba-

146 1293 296 1350 »'tur‚
321 1289 377 1340 ad
395 1308 557 1339 annum
581 1289 723 1338 aetatis
747 1288 975 1338 senatoriae
989 1326 1001 1346 ‚
1026 1308 1115 1354 quo
1139 1287 1306 1336 curiam
1325 1286 1576 1351 ingredien-

146 1393 171 1413 »
195 1369 321 1418 tibus
343 1366 598 1417 remanebat
619 1366 815 1432 ejusdem
831 1366 998 1415 -tunicae
1016 1366 1090 1431 jus
1115 1385 1124 1414 :
1147 1365 1217 1414 sin
1241 1377 1386 1414 autem
1410 1376 1579 1414 senato-

147 1469 171 1490 »
198 1446 308 1496 riam
336 1446 598 1511 dignitatem
628 1464 723 1494 non
752 1444 1099 1512 adsequerentur
1116 1482 1128 1503 ‚
1164 1443 1232 1492 vel
1255 1444 1360 1511 quia
1382 1442 1578 1500 nollent,

147 1544 172 1568 n
198 1517 269 1574 'vel
304 1525 408 1592 quia
439 1543 533 1574 non
565 1535 776 1592 possent,
810 1523 902 1572 lato
936 1522 1059 1572 clavo
1082 1523 1315 1590 deposito,
1345 1532 1582 1585 angustum

147 1625 171 1647 ι)
198 1602 445 1655 sumebant.
470 1625 493 1646 ι)
519 1603 625 1651 Haec
647 1602 798 1651 omnia
820 1601 979 1651 doctus
1007 1602 1075 1650 vir
1095 1601 1210 1651 eruit
1241 1620 1293 1650 ex
1316 1600 1402 1648 hoc
1427 1598 1581 1649 Ovidii

144 1680 268 1739 loco;
294 1680 372 1748 qui
394 1692 540 1730 tamen
576 1680 672 1747 ejus
692 1679 968 1729 'sententiam
1003 1679 1197 1727 evincere
1231 1677 1417 1744 nequit,
1442 1696 1580 1744 quum

143 1762 200 1811 ab
224 1752 426 1830 exempl-o
449 1761 666 1825 singulari
688 1781 783 1810 non
798 1761 940 1810 valeat
962 1761 1016 1810 ad
1034 1760 1266 1810 universos
1283 1759 1454 1826 equites
1476 1779 1580 1808 con-

147 1843 374 1910 sequentia
388 1881 400 1902 ,
424 1854 557 1909 atque
580 1841 668 1910 alia
690 1841 839 1908 possit
856 1841 1082 1904 adsignari
1105 1859 1235 1889 causa
1270 1859 1347 1890 cur
1365 1852 1518 1889 noster
1536 1839 1581 1887 id

143 1919 216 1985 jus
236 1919 457 1969 habuerit.

216 1998 395 2064 Lipsius
414 1995 430 2022 ³
448 2017 552 2046 vero
565 2015 659 2045 rem
673 1996 871 2045 strictius
882 1995 1181 2059 intelligebat,
1206 2014 1388 2045 censens
1411 1995 1582 2062 equites

151 2093 359 2143 romano-s
379 2074 556 2123 illustres
579 2085 776 2132 tantum,
802 2074 879 2141 qui
899 2093 990 2123 non
1020 2074 1199 2141 quidem
1224 2086 1446 2122 senatores
1462 2110 1473 2130 ‚
1508 2073 1585 2122 sed

153 2164 197 2200 et
218 2170 397 2201 censum
417 2151 645 2201 habebant
663 2164 707 2202 et
731 2171 854 2221 spem
875 2153 1104 2202 senatoriae
1130 2152 1358 2216 dignitatis
1373 2190 1385 2211 ‚
1415 2152 1584 2201 ordinis

151 2230 283 2280 etiam
305 2229 514 2279 senatorii
534 2229 706 2294 insigne
721 2268 733 2288 ‚
757 2230 805 2279 id
822 2243 888 2281 est
903 2270 914 2290 ‚
937 2229 1077 2280 latum
1094 2229 1263 2279 clavum
1281 2242 1486 2294 gestasse.
1502 2232 1583 2279 Ve-

151 2327 251 2357 rum
273 2307 340 2357 vel
365 2327 417 2356 ex
439 2308 534 2357 hoc'
549 2308 740 2358 Nasonis
765 2309 965 2375 exemplo
993 2309 1274 2368 confutatur,
1299 2308 1518 2375 siquidem
1539 2307 1586 2355 id

152 2385 284 2436 refert
301 2386 359 2434 ad
382 2387 635 2449 Augustum
650 2423 662 2443 ‚
689 2386 766 2452 qui
788 2404 906 2435 anno
926 2389 982 2434 U.
1009 2387 1059 2436 C.
1086 2398 1279 2436 DCCXLII
1300 2386 1440 2449 legem
1460 2384 1583 2443 tulit,

152 2476 204 2518 ut
227 2483 280 2514 ex
303 2464 556 2531 equitibus,
583 2463 661 2530 qui
683 2482 776 2512 non
798 2464 946 2513 minus
969 2463 1115 2512 decies
1145 2464 1348 2513 sestertio
1379 2463 1585 2530 posside—

196 2571 207 2590 ¹
235 2568 319 2615 Qua
335 2567 379 2617 de
395 2582 433 2604 re
451 2568 667 2616 disputantes
684 2582 754 2616 prae
766 2569 918 2614 caeteris,
938 2569 1016 2604 vide
1030 2570 1255 2614 Ferrarium,
1281 2570 1324 2605 de
1339 2570 1391 2605 Re
1407 2570 1566 2606 vestiaria
1579 2598 1587 2613 ,

152 2625 212 2664 lib.
228 2624 285 2661 111
297 2653 306 2671 ,
324 2638 395 2672 cap.
415 2640 451 2676 12
468 2627 660 2674 314Analect.
678 2640 751 2673 cap.
772 2641 781 2661 1
798 2653 808 2669 ,
825 2625 869 2667 3;
893 2633 928 2661 et
943 2625 1096 2660 Rubeni.
1118 2626 1175 2661 lib.
1190 2627 1224 2672 Ι,
1242 2639 1314 2672 cap.
1338 2641 1350 2662 1
1366 2653 1376 2671 ,
1394 2642 1430 2669 2,
1445 2634 1510 2662 etc.

167 2731 169 2734 Α
196 2683 216 2703 ²
238 2681 321 2717 vid.
338 2680 484 2730 Suetvon.
504 2682 540 2718 in
564 2683 650 2730 Aug.
668 2697 741 2729 cap.
757 2684 819 2726 38,
840 2685 904 2730 943
922 2681 959 2716 in
978 2681 1057 2717 Tib.
1074 2695 1146 2729 cap.
1160 2683 1219 2726 35;
1237 2683 1273 2717 in
1293 2681 1417 2719 Claud.
1433 2696 1505 2729 cap.
1521 2685 1563 2726 24
1582 2697 1589 2723 ;

156 2735 250 2783 Plin.
267 2736 360 2773 Hist.
377 2736 455 2790 Nat.
472 2738 530 2773 lib.
549 2737 712 2774 XXXIII
726 2766 735 2783 ,
754 2752 827 2784 rap.
846 2754 864 2772 2
881 2764 890 2782 ,
912 2745 975 2773 etc.

156 2788 170 2791 *-
202 2792 218 2814 ³
240 2794 321 2830 Not.
340 2794 377 2829 in
396 2794 506 2830 Tacit.
528 2795 653 2830 Annal.
669 2794 725 2829 lib.
745 2795 797 2830 XI
814 2821 822 2838 ,
843 2807 915 2839 cap.
935 2795 967 2837 4.
