1794 3100
562 213 690 258 PER
722 213 766 256 J.
803 211 1106 257 MASSON.
1469 231 1555 278 207

125 332 151 358 u
177 308 429 379 Apollinis,
465 307 739 357 Zerinthium
774 324 906 374 quem
942 318 1102 355 vocant
1135 306 1289 355 incolae
1308 345 1319 364 ‚
1345 308 1558 376 templum

122 411 149 434 »
179 399 405 456 superant.
430 385 543 436 Aliae
562 385 776 450 angustiae
800 385 915 434 circa
941 387 1163 453 Tempyra
1187 385 1416 452 excipiunt
1440 387 1556 452 (hoc

126 489 153 512 »
177 465 280 516 loco
303 485 466 515 nomen
488 467 611 527 est),
637 482 729 514 non
752 465 898 513 minus
918 465 1199 528 confragosae.
1224 487 1247 507 »
1272 464 1390 513 Hinc
1414 478 1559 515 autem

120 546 290 594 >Noster
310 543 456 594 exsilii
480 543 627 593 locum
645 543 798 592 itinere
816 543 1011 610 pedestri
1035 555 1191 610 petens
1215 543 1370 592 debuit
1379 543 1559 610 gelidam

125 622 318 672 Thmoea
332 663 343 680 ,
372 633 416 671 et
438 633 620 690 opertum
656 621 828 671 nubibus
856 621 1038 671 Hoemon
1070 622 1280 680 transire,
1307 641 1356 671 ex
1381 623 1532 670 Ponto
1548 660 1559 678 ‚

124 700 202 750 lib.
227 703 307 759 IV,
331 701 474 769 Epist.
502 714 557 759 V,
584 720 693 750 vers.
722 699 765 748 5.

190 778 273 829 Illa
283 798 388 830 vero
397 779 522 829 navis
536 778 740 837 secunda,
755 797 843 846 qua
854 780 977 827 Naso
993 798 1016 828 a
1031 789 1168 846 portu
1187 777 1394 828 Cenchreo
1412 791 1562 828 vectus

126 869 220 908 erat
238 857 294 906 ad
317 857 510 908 insulam
530 876 672 924 usque
695 856 1019 906 Samothraciam
1036 896 1047 914 ,
1075 857 1180 906 hinc
1204 857 1365 906 iterum
1388 855 1563 906 solvens

128 937 276 1004 pergit
298 954 379 1003 per
402 934 742 1002 Hellespontum
766 935 811 982 in
830 934 1057 983 Euxinum
1079 952 1197 982 mare
1221 934 1277 982 ad
1296 933 1437 982 exsilii
1458 934 1568 983 Ovi-

131 1015 251 1064 dia‘ni
278 1014 439 1063 locum.
464 1014 574 1080 Ejus
596 1031 773 1062 cursum
795 1014 963 1062 Noster
979 1012 1144 1061 ibidem
1162 1012 1342 1061 exhibet
1358 1013 1493 1061 Trist.
1517 1015 1564 1068 l,

133 1107 187 1150 x,
212 1111 237 1141 a
255 1111 367 1141 vers.
389 1091 539 1153 24-42
556 1129 569 1149 ‚
594 1091 760 1158 quibus
780 1091 899 1140 varia
923 1090 1134 1140 describit
1153 1090 1251 1139 loca
1265 1091 1476 1141 litoribus
1491 1092 1566 1140 ad-

133 1169 302 1238 posita,
324 1187 421 1236 quae
439 1169 563 1218 navis
581 1180 674 1218 erat
695 1188 778 1218 suo
796 1169 844 1217 in
867 1189 999 1218 cursu
1016 1181 1366 1236 prater-vectura.
1390 1170 1567 1220 Priores

134 1242 308 1297 tantuin
329 1247 403 1297 hic
427 1247 777 1305 transcribendi,
800 1247 924 1314 quod
944 1247 1238 1296 elucidatione
1258 1261 1416 1311 egeant
1437 1270 1445 1296 :

400 1351 701 1398 Hellespontiacas
720 1352 776 1387 illa
792 1355 927 1397 reliquit
939 1355 949 1373 ¹
968 1365 1082 1398 aquas.

357 1408 645 1460 Dardaniamque
658 1417 747 1459 petit
759 1414 908 1449 auctoris
924 1427 1057 1448 nomen
1076 1413 1265 1449 habentem
1278 1441 1287 1457 ,
1306 1421 1370 1449 eie.

134 1516 279 1565 neque
293 1498 586 1566 praetereundi
605 1511 710 1548 sunt
732 1499 946 1566 postremi
966 1499 1160 1565 ejusdem
1176 1499 1341 1563 Elegiae
1354 1519 1415 1548 vs.
1436 1519 1459 1547 a
1479 1501 1538 1562 45
1559 1521 1566 1547 ;

355 1606 431 1640 Vos
446 1615 588 1652 quoque
602 1631 612 1649 ,
634 1606 837 1652 Tyndarida·
850 1632 858 1646 ‚
882 1613 968 1650 'quos
987 1605 1061 1640 baec
1076 1604 1158 1640 colit
1174 1605 1286 1640 insula
1303 1631 1312 1649 ,
1322 1605 1468 1649 fratres.

401 1666 512 1709 Mite,
531 1679 677 1711 precor,
697 1668 845 1711 duplici,
865 1679 1020 1708 numen,
1041 1666 1156 1701 adeste
1176 1670 1249 1700 vioe.

358 1727 482 1763 Altera
496 1733 652 1772 namque
669 1734 768 1772 parat
784 1727 1024 1774 Symplegadas
1040 1726 1091 1762 ire
1111 1741 1174 1773 per
1189 1736 1300 1764 arctas
1317 1743 1326 1769 ς

401 1789 574 1825 scindere
590 1791 772 1824 Bistonias
787 1789 896 1824 altera
914 1789 1037 1835 puppis
1053 1802 1172 1833 aquas.
1223 1815 1225 1817 -

363 1851 438 1886 Vos
454 1850 558 1886 facite
573 1877 582 1894 ,
598 1857 637 1885 ut
656 1858 781 1886 ventos
794 1877 805 1890 ,
822 1849 896 1884 loca
908 1863 1024 1895 ¹quum
1043 1850 1178 1885 diversa
1195 1858 1371 1896 petamus,

332 1905 333 1909 Ἰ
406 1912 471 1949 Illa
483 1925 564 1948 suos
580 1911 707 1947 habeat
718 1939 727 1956 ‚
744 1925 810 1948 nec
826 1912 944 1948 minus
954 1913 1020 1948 ista
1037 1925 1128 1947 suos.

140 2010 192 2041 ex
218 1991 384 2059 quibus
414 1997 475 2038 1⁰.
501 1990 819 2040 confirmantur
835 2029 847 2049 ‚
882 2011 980 2058 quae
1002 1991 1136 2040 modo
1160 1991 1352 2040 diximus
1383 1991 1437 2039 de
1460 1992 1576 2040 tertia

185 2125 200 2146 ¹
219 2118 278 2159 'CL
306 2122 419 2159 Nicdl'.
443 2118 618 2159 Heinsius
640 2131 739 2160 notat
753 2151 762 2168 ,
797 2138 869 2160 uno
899 2124 975 2160 cod.
1003 2124 1126 2160 haberi
1153 2127 1285 2170 relegit,
1317 2138 1422 2170 seque
1452 2133 1574 2171 putare

134 2186 284 2229 peregit,
302 2188 364 2216 aut
378 2180 464 2227 quid
478 2180 589 2216 simile
606 2181 816 2227 legendum3
839 2195 856 2211 ε(
873 2194 956 2216 nam
971 2208 980 2224 ,
999 2181 1094 2216 addit
1108 2208 1117 2225 ‚
1139 2182 1321 2227 quomodo
1335 2184 1467 2228 >aliquit
1482 2174 1578 2217 n‘el-

142 2254 162 2271 >›
178 2239 377 2284 lespontum
393 2263 403 2281 ‚
423 2250 501 2283 quae
516 2236 740 2272 Dardanium
759 2246 795 2273 et
813 2238 1041 2283 Lampsacum
1057 2245 1093 2273 et
1115 2238 1278 2285 Abydum
1291 2237 1326 2272 in
1340 2238 1419 2283 ipsis
1433 2239 1579 2274 Helles-

142 2309 162 2327 n
180 2295 280 2342 ponti
296 2294 454 2330 faucibus
470 2294 533 2329 sita
550 2293 686 2328 aditura
698 2293 766 2328 sit?
785 2309 801 2324 n
821 2293 958 2344 Verum
973 2294 1087 2340 regeri
1104 2302 1217 2340 potest
1230 2315 1242 2333 .»
1259 2303 1397 2341 poetam
1411 2295 1577 2340 hocloco,

143 2351 369 2388 siveiicentia
385 2351 538 2396 poetica,
557 2350 628 2385 sive
649 2363 691 2384 ex
715 2359 779 2385 usu
803 2351 956 2397 vulgari,
986 2351 1126 2398 largiori
1155 2365 1258 2387 sensu
1285 2354 1580 2396 llellesponttacas

143 2421 253 2454 aquas
264 2420 486 2444 vocam-eam
512 2406 618 2442 maris
643 2407 755 2452 AEgaei
782 2415 1038 2454 partem,·quae
1062 2409 1153 2444 circa
1181 2410 1448 2443 Samothraciam
1473 2415 1550 2443 erat
1567 2434 1578 2451 ‚

142 2463 251 2510 idque
266 2464 470 2500 confirmari
486 2477 527 2499 ex
545 2477 633 2499 vers.
653 2467 764 2499 15-20
780 2466 940 2510 superius
960 2465 1114 2510 prolatis.
1132 2464 1272 2499 Deinde
1297 2464 1480 2500 observare
1497 2472 1549 2500 est
1569 2491 1578 2509 ‚

144 2522 391 2568 quodcumque
408 2522 557 2557 verbum
572 2521 629 2556 hic
646 2521 781 2567 legatur
797 2547 806 2564 ,
825 2521 858 2556 id
877 2535 948 2556 non
968 2523 1003 2556 in
1026 2522 1204 2567 praeterito
1217 2548 1226 2563 ‚
1242 2513 1302 2556 sed
1319 2520 1373 2555 vel
1392 2522 1553 2567 praesenti
1569 2549 1577 2564 ,

143 2578 340 2614 vel-futuro
357 2585 515 2623 tempore
530 2578 780 2624 reponendum
793 2590 879 2619 επακ
889 2578 1062 2623 siquidem
1078 2579 1174 2612 navis
1187 2586 1263 2613 tum
1279 2578 1313 2612 in
1328 2578 1580 2613 Samothraciae

146 2642 252 2681 portu
269 2634 470 2669 adhucdum
485 2642 580 2679 erat,
607 2647 717 2679 quum
743 2635 871 2669 Noster
896 2634 969 2670 haic
993 2634 1186 2678 scriberet,
1212 2643 1252 2670 ut
1274 2635 1401 2670 invicte
1431 2636 1581 2681 probant

147 2704 235 2726 vers.
249 2693 364 2735 45-50.
379 2691 525 2726 Manem
540 2691 646 2737 igitur
657 2693 826 2735 relinquit,
842 2703 946 2735 quam
961 2693 1094 2735 relegit,
1114 2692 1167 2726 vel
1179 2691 1475 2738 etiamrequwt,
1493 2693 1580 2727 sicut

150 2756 186 2785 et
200 2762 287 2785 vers.
303 2763 374 2796 seq.
387 2742 487 2794 pet'el.
