1794 3100
527 237 661 281 PER
693 239 737 280 J.
772 235 1070 281 MASSON.
1440 254 1515 298 171

103 357 127 379 »
154 334 448 398 hoquumero
476 344 694 386 MMXXVII
712 369 724 389 ‚
762 331 957 380 scribens
979 330 1033 379 ad
1057 329 1369 387 Messalinum,
1392 331 1527 396 hujus

101 395 351 476 §Messalae
368 409 548 467 filium,
579 410 641 458 ait
676 429 720 459 se
742 409 883 477 patris
908 409 1001 474 ejus
1023 409 1157 457 funus
1183 409 1378 477 epicedio
1417 429 1524 477 pro-

103 511 127 552 {³
150 500 387 556 sequutum
409 487 544 537 fuisse
562 507 572 535 ε

322 587 399 623 Nec
418 593 498 622 tuus
513 593 565 621 est
580 585 719 632 genitor
731 612 741 629 ‚
758 591 822 621 etc.

104 687 128 709 x·
155 667 277 728 Ergo
294 663 616 713 anteexsilium
637 663 790 712 Ovidii
804 664 891 729 jam
912 662 1176 721 decesserat,
1202 663 1288 711 hoc
1315 674 1404 721 est,
1429 674 1530 711 ante

104 764 128 784 »
154 761 275 790 num.
313 753 518 790 mexm
548 747 577 788 ¹.
617 741 712 804 Qui
733 739 828 788 fieri
859 740 1029 806 potuit,
1057 751 1108 788 ut
1129 759 1251 788 num.
1283 752 1530 798 MMxxvn,

104 841 131 862 π
156 816 412 868 memoriam
428 818 635 876 amiserit,
657 830 700 866 et
711 837 829 866 num.
847 831 1051 866 MMXXIX
1071 816 1291 886 obiverit?
1304 817 1440 881 Quod
1461 835 1534 883 pa-

106 921 130 942 »
157 898 393 948 troeinium
422 898 526 946 huic
552 896 862 945 controversiae
885 897 1182 947 arcessemus?
1204 898 1380 944 Rursus
1413 895 1534 944 aliud

107 999 130 1019 »
157 976 344 1025 dubium
357 975 598 1024 suboritur.
621 976 668 1023 Si
683 977 747 1023 M.
769 974 973 1023 Valerius
992 974 1183 1023 Messala
1204 974 1316 1022 obiit
1334 988 1533 1023 MMXXIX

105 1075 129 1096 ³>
154 1068 343 1102 numero
363 1090 375 1111 ‚
402 1064 626 1120 superstes
644 1052 730 1100 fuit
752 1065 804 1100 lx
827 1052 952 1101 annis
972 1053 1021 1101 C.
1043 1052 1201 1100 Asinio
1219 1051 1434 1111 Pollioni,
1456 1052 1534 1119 qui

109 1153 132 1174 »ι
161 1129 348 1178 decessit
369 1133 490 1177 num.
516 1141 674 1177 ΜΜΧΧ.
702 1129 943 1192 Quomodo
969 1149 1072 1193 ergo
1099 1129 1323 1178 tuebimur
1346 1130 1431 1178 hoc
1460 1129 1537 1178 ad·

109 1231 133 1252 »
157 1225 309 1259 versus
334 1225 410 1265 ea,
436 1225 532 1273 quae
557 1218 714 1254 auctor
737 1207 917 1270 Dialogi
939 1208 1002 1262 ,de
1035 1209 1176 1258 causis
1200 1221 1418 1276 corruptae
1447 1207 1539 1256 elo-

110 1285 354 1354 »fquentiae
376 1281 532 1334 scr-ibit
555 1291 572 1309 ²
595 1302 605 1331 ε
630 1284 828 1334 Corvinus
842 1286 882 1333 in
902 1285 1076 1334 medium
1094 1306 1216 1354 usque
1230 1288 1420 1352 Augusti
1425 1288 1539 1353 prin-

111 1384 134 1407 n
158 1361 333 1431 cipa'tum
351 1401 364 1419 ‚
400 1361 578 1412 Asinius
592 1380 717 1429 poene
740 1356 800 1410 ad
820 1372 1049 1411 extremum·
1065 1363 1260 1412 duravit?
1284 1364 1537 1413 Secundum

112 1463 134 1483 »
161 1441 278 1499 haec,
305 1452 350 1488 et
369 1458 443 1498 ea,
467 1459 564 1507 quae
586 1445 778 1495 αὐτόπτης
803 1441 1027 1490 scribebat
1050 1442 1240 1490 Ovidius
1255 1480 1266 1500 ,
1291 1454 1537 1491 commuta-

110 1541 132 1561 »
160 1530 267 1567 runt
288 1517 438 1567 locum
467 1518 514 1566 in
550 1519 775 1568 Chronico
803 1518 988 1568 Eusebii
1011 1519 1157 1567 Pollio
1182 1531 1226 1567 et
1246 1518 1460 1578 Messala,
1487 1532 1538 1568 ut

108 1619 131 1639 »
159 1615 345 1644 numero
376 1608 526 1645 MMXX
549 1596 564 1621 ³
581 1635 592 1656 ‚
626 1597 818 1646 Messala
847 1609 1050 1646 mortuus
1073 1597 1231 1655 fuerit,
1264 1596 1409 1645 Pollio
1434 1618 1536 1646 vero

109 1698 132 1719 »
162 1688 375 1724 MMXXIX.
402 1675 543 1740 Unde¹
565 1688 681 1724 recte
714 1689 872 1725 auctor
902 1676 1081 1740 Dialogi
1114 1677 1299 1735 dixerit,
1333 1677 1537 1726 Asinium

111 1778 133 1798 »
160 1773 283 1823 paene
301 1748 356 1802 ad
370 1749 613 1804 extremum
627 1756 923 1824 principatum
941 1757 1136 1820 Augusti
1154 1757 1422 1823 pervenisse:
1435 1777 1539 1824 pen-

111 1857 133 1876 »
162 1833 347 1882 ultimus
359 1833 474 1881 enim
487 1852 630 1883 annus
643 1833 836 1898 Augusti
851 1834 1008 1882 incidit
1023 1834 1069 1882 in
1082 1853 1204 1883 num.
1226 1848 1423 1883 ΜΜΧΧΙΧ
1436 1833 1468 1883 4.
1479 1859 1499 1877 ι)

170 1912 230 1960 II.
256 1910 386 1961 Alius
410 1911 593 1979 insuper
612 1912 658 1959 in
677 1912 831 1963 eodem
854 1912 1064 1961 chronico
1084 1912 1208 1961 locus
1229 1932 1329 1961 cum
1350 1912 1429 1961 illo
1448 1913 1538 1962 col-

111 1988 230 2038 latus
253 1989 473 2049 ostendit,
497 1989 696 2039 Messalae
717 1991 890 2039 obitum
910 2009 959 2039 ex
982 1989 1247 2039 Eusebianis
1261 2028 1272 2049 ,
1294 2010 1371 2039 seu
1387 1991 1540 2058 potius

111 2061 467 2133 Hieronymianis
507 2067 754 2115 rationibus
789 2067 1066 2116 referendum
1108 2086 1203 2116 esse
1244 2067 1299 2115 ad
1337 2067 1539 2115 eumdem

108 2143 302 2195 Abrahae
324 2162 488 2192 annum
518 2157 742 2204 MMXXIX,
767 2164 883 2194 anno
918 2147 974 2193 U.
1011 2146 1059 2193 C.
1096 2157 1304 2194 DCCLXVI
1337 2146 1539 2194 desinen-

109 2232 211 2268 tem.
237 2220 416 2268 Etenim
439 2239 577 2288 quum
600 2220 898 2288 Hieronymus
928 2221 1130 2271 Messalae
1151 2221 1318 2271 natales
1339 2222 1539 2285 assigna-

108 2356 278 2393 exeunte‚
295 2349 334 2384 in
352 2350 509 2385 exsilium
526 2350 649 2385 missus
665 2349 751 2395 fuit,
775 2359 815 2386 ut
834 2351 977 2387 inferius
994 2352 1037 2387 ad
1060 2365 1143 2387 eum
1162 2365 1296 2387 annum
1312 2352 1539 2387 demonstra—

109 2405 225 2446 bimus
239 2433 248 2451 ,
266 2407 341 2455 ipso
357 2407 571 2454 suffragante
591 2406 778 2453 Scaligero.

153 2469 164 2488 ¹
190 2467 270 2502 Imo
287 2478 443 2502 mmxxw
458 2468 682 2503 scribendum
702 2475 777 2504 erat
790 2494 799 2512 ,
820 2482 929 2514 quum
944 2469 1001 2505 hic
1018 2482 1188 2504 numerus
1211 2468 1353 2515 coeperit
1370 2481 1424 2503 an.
1437 2469 1483 2504 U.
1499 2469 1539 2503 C.

108 2534 255 2560 ncctxn
268 2551 277 2568 ,
295 2538 366 2571 qno
384 2533 478 2561 vates
495 2526 532 2561 in
547 2526 705 2561 exsilium
723 2525 818 2561 abiit.

151 2588 167 2607 ²
192 2585 278 2632 Cap.
298 2600 346 2633 17.

153 2646 169 2671 ³
188 2647 266 2693 Qui
288 2661 409 2684 mense
427 2648 625 2694 Septembr.
642 2662 698 2684 an.
715 2649 762 2685 U.
782 2649 824 2684 C.
843 2660 976 2685 nccmu
991 2650 1103 2696 coepit.

154 2709 170 2732 ⁴
192 2708 293 2745 Obiit
306 2723 433 2755 nempe
451 2711 629 2757 Augustus
646 2725 701 2746 an.
716 2712 762 2748 U.
779 2711 819 2747 C.
834 2722 981 2748 ncchvn
994 2738 1003 2755 ,
1023 2725 1060 2747 ac
1074 2724 1188 2747 annus
1200 2711 1350 2747 Abrahae
1367 2722 1520 2746 mmxxxx
1531 2738 1539 2754 ‚

118 2763 298 2799 desinebat
315 2778 369 2807 au.
386 2765 432 2800 U.
457 2764 498 2799 C.
513 2775 679 2801 nchva
