1794 3100
302 247 358 288 80
663 248 712 290 P.
758 248 1001 293 OVIDII
1038 249 1348 297 NASONIS

301 337 471 386 Habuit
491 356 647 387 uxores
681 351 767 389 tres
789 379 801 399 ,
828 362 1011 408 quarum
1036 344 1141 392 duas
1164 345 1430 411 repudiavit}
1465 365 1563 396 cum
1587 349 1713 398 tertia

299 433 402 462 vero
426 415 778 480 conjunctissime
807 430 851 466 et
873 420 1163 470 amantissime
1186 422 1294 471 vixit
1318 444 1328 471 ε
1357 423 1461 473 item
1490 425 1644 484 filiam,
1669 439 1713 475 et

298 490 408 540 alios
441 491 635 550 liberos3
673 493 749 542 sed
785 513 835 543 ex
868 495 958 544 filia
987 509 1031 545 et
1062 517 1169 548 avus
1201 500 1341 549 factus
1370 514 1447 551 est.
1493 504 1639 568 Quare
1665 505 1711 553 in

297 579 453 634 quarto
481 568 534 616 de
557 568 691 617 Trist.
718 570 803 627 ait,
829 571 953 635 Eleg.
976 587 1007 621 x
1031 593 1040 621 :

514 666 619 701 Paene
635 666 721 701 mihi
736 680 847 713 puero
861 682 926 704 nec
942 669 1046 715 digna
1058 697 1067 715 ,
1085 685 1150 707 nec
1166 673 1257 709 utilis
1271 687 1358 710 uxor

556 727 619 762 Est
636 727 731 772 data,
748 741 825 774 quae
841 736 978 776 tempus
995 733 1162 777 perbreve
1178 742 1288 780 nupta
1302 735 1379 771 fuit.
1405 723 1409 729 ¹

516 788 570 823 Illi
586 788 763 832 successit,
781 791 937 834 quamvis
951 791 1025 826 sine
1043 793 1215 838 crimine,
1230 787 1359 840 'conjux

555 848 637 883 Non
653 855 772 883 tamen
788 849 825 883 in
840 858 960 886 nostro
976 851 1077 887 firma
1093 853 1212 888 sutura
1227 862 1315 889 toro.

508 908 661 949 Ultima,
680 922 757 954 quae
775 923 914 946 mecum
929 925 1021 947 seros
1037 914 1228 958 permansit
1242 915 1278 949 in
1295 927 1421 959 annos,

554 968 725 1004 Sustinuit
739 971 868 1015 conjux
882 972 1089 1013 exsulisvesse
1109 974 1195 1007 viri.'

511 1028 598 1062 Filia
614 1042 671 1063 me
689 1042 766 1064 mea
783 1030 834 1064 bis
851 1031 961 1076 prima
977 1031 1128 1066 fecunda
1142 1033 1305 1076 juventa,

558 1087 629 1122 Sed
645 1101 719 1123 non
737 1103 777 1124 ex
793 1103 866 1124 uno
881 1092 1030 1136 conjuge
1045 1090 1125 1125 fecit
1141 1103 1256 1126 avum.

293 1172 345 1220 In
368 1172 511 1238 primo
533 1184 679 1221 autem
702 1172 819 1220 libro
843 1173 896 1221 de
917 1174 1051 1222 Trist.
1076 1173 1200 1237 Eleg.
1227 1187 1282 1223 ΙΙΙ
1307 1176 1393 1225 sic:

508 1269 606 1314 Saepe
623 1269 746 1303 eadem
763 1270 926 1305 mandata
940 1271 1019 1306 dedi
1036 1286 1044 1312 ;
1062 1284 1187 1317 meque
1203 1272 1273 1317 ipse
1286 1273 1394 1308 fefelli
1408 1300 1418 1318 ,

551 1331 750 1375 Respiciens
764 1331 870 1365 oculis
885 1331 1029 1376 pignora
1042 1345 1121 1367 cara
1136 1332 1222 1367 meis
1236 1346 1245 1374 ;

291 1421 335 1457 et
356 1409 402 1456 in
428 1407 557 1455 tertio
580 1407 702 1471 Eleg.
730 1421 806 1466 XI,
832 1408 895 1457 sie
916 1429 925 1456 :
964 1414 966 1417 ’

509 1505 630 1549 thue
646 1505 689 1539 sit
703 1505 865 1550 exiguum
881 1518 991 1552 poenae
1002 1532 1012 1550 ,
1031 1506 1122 1551 quod
1141 1506 1288 1552 conjuge
1304 1521 1398 1551 cara,

508 1564 617 1610 Quod
632 1577 733 1599 careo
748 1565 857 1610 patria
869 1592 878 1609 ‚
894 1566 1163 1611 pignoribusque
1179 1567 1276 1601 meis.

291 1652 443 1714 Quum
467 1662 611 1698 autem
634 1650 884 1711 Augustum
904 1652 1115 1700 Caesarem
1135 1652 1447 1718 imprudenter,
1462 1652 1698 1714 etinscius,

290 1738 340 1774 ut
363 1727 456 1792 ipse
478 1726 563 1782 ait,
597 1725 872 1781 offendisset,
897 1725 949 1773 ad
973 1728 1172 1775 Euxinos
1196 1728 1249 1776 ab
1274 1746 1325 1775 eo
1357 1728 1574 1792 relegatus
1605 1741 1670 1778 est
1685 1767 1698 1786 ,

287 1821 428 1850 annos
446 1813 575 1850 natus
599 1814 650 1858 L;
680 1820 811 1867 quare
833 1802 892 1848 ait
916 1802 961 1848 in
984 1802 1117 1850 Trist.
1143 1801 1217 1849 lib.
1238 1805 1315 1862 IV,
1340 1802 1462 1865 Eleg.
1488 1817 1517 1850 X
1537 1805 1558 1850 ε’

500 1900 652 1943 Postque
669 1911 766 1933 meos
782 1904 878 1932 ortus
893 1898 1001 1933 Pisaea
1013 1898 1148 1933 vinctus
1164 1899 1251 1933 oliva

530 1959 744 1994 'Abstulerat
759 1958 871 1994 decies
887 1958 1028 2003 praemia
1042 1959 1152 1993 victor
1167 1972 1271 2003 eques
1284 1971 1291 1993 :

503 2020 628 2066 Quum
646 2020 750 2054 maris
768 2019 894 2053 Euxini
911 2019 1037 2064 positos
1055 2019 1096 2053 ad
1113 2019 1195 2053 laeva
1213 2019 1370 2054 Tomitas

544 2080 715 2123 Quaerere
732 2092 788 2113 me
806 2078 874 2113 laesi
890 2079 1053 2124 principis
1068 2078 1118 2112 ira
1134 2079 1240 2123 jubet.

283 2156 505 2204 Describit
537 2167 681 2204 autem
717 2155 952 2203 discessum
978 2166 1106 2203 suum
1132 2173 1184 2203 ex
1203 2155 1339 2213 urbe,
1378 2166 1421 2203 et
1448 2155 1597 2203 uxoris
1613 2192 1624 2212 ‚
1650 2168 1694 2204 et

283 2245 538 2281 caeterorum
570 2252 751 2281 suorum
781 2231 1020 2297 lacrymas,
1059 2233 1299 2298 duramque
1333 2244 1374 2279 et
1407 2230 1692 2298 periculosam

281 2310 602 2373 navigationem
628 2328 750 2357 suam
775 2308 918 2374 primo
943 2307 997 2354 de
1029 2309 1161 2356 Trist.
1189 2307 1320 2370 longa
1348 2307 1531 2373 epistola
1548 2345 1560 2365 ‚
1597 2327 1693 2374 quae

280 2388 465 2455 incipit:
1313 2383 1314 2386 Ἴ
1395 2455 1401 2459 .

504 2469 626 2513 Quum
641 2467 732 2502 subit
747 2466 835 2501 illius
851 2466 1042 2501 tristissima
1057 2466 1166 2500 noctis
1184 2465 1315 2510 imago,
1329 2470 1392 2500 etc.

281 2547 491 2594 Praeterea
516 2545 657 2611 primo
678 2544 729 2593 de
747 2545 895 2591 Ponto
914 2543 961 2590 in
977 2543 1103 2610 epist.
1128 2542 1182 2590 ad
1202 2541 1410 2589 Rufinum
1425 2580 1436 2601 ,
1463 2562 1515 2591 eo
1534 2543 1579 2590 in
1594 2542 1691 2591 loco

281 2646 327 2675 se
351 2627 542 2674 exsulare
554 2664 566 2683 ‚
589 2626 668 2674 ubi
693 2643 861 2691 semper
878 2625 1062 2673 maxima
1078 2623 1222 2670 forent
1238 2622 1400 2686 frigora
1411 2661 1422 2681 ,
1439 2643 1690 2690 summaque

282 2708 432 2774 inopia
454 2707 673 2755 bonorum
699 2706 914 2763 omnium,
939 2705 1009 2753 his
1032 2704 1229 2771 queritur
1250 2704 1477 2753 versibus:
