1794 3100
450 228 541 274 DF.
573 225 624 271 P.
666 226 927 272 ovmlo
962 225 1255 270 NASONE.
1484 226 1573 282 405

201 312 520 374 Metamorphosis
539 349 552 370 ‚
579 335 666 360 cum
691 319 851 375 integris
889 334 932 359 ac
961 317 1272 359 emendatissimis
1307 319 1431 371 Raph.
1465 320 1580 376 Regii

148 387 446 439 enarrationibus
473 397 513 429 et
537 386 835 440 reprehensione
857 386 1006 427 illarum
1020 386 1246 438 ineptiarum
1267 387 1406 441 quibus
1422 387 1578 429 ultimus
1630 399 1633 401 ’

150 455 349 511 quaternio
370 455 504 511 primae
524 455 755 496 editionibus
775 453 883 506 (sic)
901 453 974 494 fuit
993 453 1224 507 inquinatus.
1252 455 1299 494 ln
1317 454 1392 495 fine
1417 469 1427 493 :
1451 472 1470 489 ιι
1495 456 1578 495 Ιιιι-

149 538 322 579 pressum
349 538 452 564 anno
471 522 634 566 Domini
664 524 724 562 Μ.
750 520 928 562 00000.
952 522 1004 570 V,
1035 521 1094 560 die
1115 538 1136 563 v
1165 536 1208 562 ro
1232 532 1296 561 vn
1325 521 1575 562 Februarii...

150 587 288 631 in-fol.
301 605 334 630 s.
351 590 379 630 l.
394 597 433 630 et
453 598 533 646 typ-
559 589 625 629 sed
647 596 828 643 quantum
849 601 894 628 ex
913 587 1105 627 literarum
1128 587 1375 628 caracteribus
1400 588 1583 642 colligere

151 656 262 707 licet,
281 655 486 698 Venetiis‘
473 671 665 709 impressa.
667 656 877 704 -Panzer‚
885 663 980 696 tom.
989 655 1113 704 VIII,
1124 669 1208 710 pag.
1221 654 1315 711 379.
1327 655 1389 696 Cf.
1406 657 1582 711 Freytag.

152 723 257 778 App.
273 725 348 765 litt.
366 733 463 766 tom.
485 727 530 774 Ι,
553 739 638 779 pag.
656 721 736 773 483
753 738 831 778 seq.

206 791 572 844 Metamorphoseon
587 790 674 831 libri
686 798 987 831 cumcomment.
998 790 1122 842 Raph.
1132 789 1260 845 Regii.
1271 790 1437 832 Parmoe.
1453 789 1583 831 in-fol.

151 857 318 907 Panzer,
339 865 434 899 tom.
457 858 564 898 'VIII
579 886 591 907 ,
617 872 704 913 pag.
729 871 821 897 220.

190 925 411 964 Fastorum
431 923 518 964 libri
535 925 592 972 V,
614 939 682 976 per
700 926 880 965 Faustum
901 923 1158 969 Andrelinum
1171 922 1374 978 recogniti.
1394 923 1557 962 Parisiis
1572 952 1584 971 ,

151 1004 222 1043 per·
240 989 446 1030 Nicolaum
467 990 512 1029 de
530 990 672 1030 Pratis.
692 989 811 1038 in-40.
833 1013 889 1021 —
908 990 1050 1030 Panzer
1062 1019 1074 1040 ,
1094 998 1191 1030 tom.
1207 990 1292 1030 VII
1307 1019 1318 1039 ,
1339 1003 1423 1044 pag.
1441 988 1533 1029 516.

813 1081 829 1106 1
837 1066 928 1108 506.

210 1138 271 1178 De
295 1137 393 1178 Arte
411 1136 577 1178 Amandi
596 1146 635 1179 et
657 1139 703 1178 de
721 1138 909 1180 Remedio
942 1138 1100 1179 Amoris
1117 1166 1128 1187 ,
1159 1153 1244 1178 cum
1272 1145 1503 1178 commento.
1544 1139 1592 1178 In

155 1206 255 1246 fine:
281 1223 302 1241 α
319 1206 590 1247 Enarratioues
605 1206 646 1246 in
664 1207 847 1248 Ovidium
864 1206 910 1246 de
932 1207 1028 1247 Arte
1048 1206 1214 1247 Amandi
1232 1235 1243 1255 ,
1267 1214 1339 1245 etc.
1362 1205 1591 1258 compositas

155 1287 176 1312 a
206 1271 380 1312 Barthol.
408 1260 556 1313 Mei-ula
579 1274 801 1314 Mantuano.
825 1273 1025 1326 Impressit
1045 1273 1215 1314 Venetiis
1235 1274 1293 1315 vir
1326 1273 1445 1313 solers
1472 1280 1510 1312 et
1529 1272 1596 1311 in-

157 1337 324 1378 dustrius
344 1340 514 1379 Joannes
538 1339 584 1379 de
601 1339 767 1381 Tridino
778 1369 790 1389 ,
806 1340 893 1380 alias
910 1340 1102 1380 Tacuinus
1122 1370 1133 1388 ‚
1149 1354 1251 1380 anno
1267 1339 1395 1379 salutis
1415 1339 1564 1378 MDVI
1580 1367 1592 1387 ,

157 1403 219 1444 die
232 1414 373 1444 xxvm
384 1404 494 1445 Junii
504 1434 517 1455 ,
534 1406 738 1446 Leonardo
754 1406 977 1447 Lauredano
995 1406 1090 1462 duce
1111 1406 1255 1460 inclyto
1271 1420 1313 1445 ac
1327 1404 1558 1445 felicissimo.
1570 1423 1590 1439 υ

102 1519 106 1523 ἱ
156 1469 292 1510 in-fol.
313 1491 365 1502 ·-
381 1471 548 1521 Panzer,
571 1480 667 1513 tom.
685 1474 769 1514 Vll
784 1501 796 1523 ,
817 1488 901 1529 pag.
925 1471 1017 1513 381.

210 1536 542 1589 Metamorphoses
574 1554 661 1580 cum
689 1548 847 1580 enarrat.
869 1539 994 1592 Raph.
1025 1539 1152 1595 Regii.
1184 1539 1370 1591 Lugduni.
1398 1537 1597 1577 in-fol.—-

158 1602 259 1643 Bibl.
275 1603 526 1658 Kulenkamp.

817 1663 934 1716 ι5ο7.

213 1735 387 1788 Epistola
407 1738 582 1790 Sapphus
602 1740 648 1779 ad
671 1739 880 1780 Phaonem.
907 1743 955 1779 ln
978 1740 1389 1790 fine·«1mpressum
1416 1738 1567 1795 Liptzig
1582 1767 1593 1786 ,

158 1815 226 1855 per
238 1802 492 1843 Baccalarium
506 1804 715 1846 Martinum
724 1805 963 1861 Lantzbergk
978 1804 1315 1856 Herbipolensem,
1331 1819 1432 1845 anno
1449 1803 1564 1859 1507.
1574 1821 1595 1840 n

158 1866 272 1916 in-40
271 1896 282 1906 .
301 1891 356 1900 -
377 1869 519 1910 Panzer
534 1898 546 1918 ,
570 1877 666 1910 tom.
686 1871 771 1911 VII
791 1899 802 1920 ,
825 1886 918 1926 pag.
939 1869 1028 1912 158.

214 1935 394 1986 DeArte
412 1936 578 1977 Amandi
599 1945 639 1977 et
658 1937 704 1977 de
720 1938 908 1979 Remedio
928 1938 1086 1979 Amoris
1101 1968 1113 1987 ,
1136 1953 1223 1978 cum
1244 1946 1450 1979 comment.
1467 1938 1599 1978 Barth.

160 2003 333 2044 Merulae.
361 2006 409 2044 ln
430 2005 506 2045 fine
526 2020 536 2044 ς
561 2023 580 2042 κ
605 2006 884 2046 Venundantur
908 2007 1094 2061 Lugduni
1115 2007 1161 2047 ab
1179 2006 1327 2047 Jacobo
1350 2008 1599 2061 Huguetano.

161 2067 343 2127 Lugduni
358 2099 371 2120 ,
387 2070 578 2124 impressit
599 2073 744 2114 Natalis
762 2074 924 2114 Braham
937 2102 948 2123 ,
971 2075 1147 2115 MDVII
1167 2103 1178 2124 ,
1201 2074 1262 2114 die
1277 2085 1385 2114 xxul
1401 2073 1559 2125 Aprilis.
1578 2092 1597 2108 »ι

164 2134 293 2185 in-40.
309 2159 365 2167 —
383 2138 523 2177 Panzer
539 2166 551 2185 ,
575 2145 673 2179 tom.
690 2139 776 2179 VII
789 2167 801 2187 ,
822 2154 908 2194 pag.
931 2137 1023 2195 287.

217 2205 310 2244 Duo
332 2201 421 2242 libri
443 2203 685 2244 continentes
709 2205 892 2245 Remedia
915 2204 1084 2247 Amoris.
1114 2209 1162 2246 ln
1185 2206 1261 2245 fine
1285 2222 1294 2245 ε
1323 2223 1343 2241 «ι
1368 2208 1600 2256 Impressum

163 2267 300 2321 Liptzk
309 2282 378 2321 per
387 2268 577 2310 Jacobum
593 2270 774 2311 Thanner
789 2271 1123 2324 Herbipolensem.
1140 2272 1261 2313 Anno
1272 2271 1432 2312 Domini
1448 2269 1562 2324 1507.
1578 2288 1597 2306 ἰι

163 2339 291 2388 in-40.
311 2363 365 2371 —-
383 2341 524 2381 Panzer
543 2369 555 2390 ,
576 2348 671 2382 tom.
691 2342 778 2391 IX,
798 2357 884 2398 pag.
907 2342 1001 2398 487.

220 2404 327 2446 Libri
342 2406 388 2446 de
408 2405 601 2446 Tristibus
615 2434 627 2455 ,
645 2422 732 2447 cum
746 2407 1055 2450 luculentissimis
1069 2408 1348 2449 commentariis
1364 2407 1496 2448 Barth.
1512 2409 1605 2447 Me—

165 2473 260 2514 rulae
274 2502 285 2522 ,
313 2482 351 2513 et
378 2474 459 2514 aliis
483 2474 741 2516 additionibus
767 2475 878 2518 novis
899 2491 1022 2528 nuper
1042 2477 1085 2516 in
1106 2477 1230 2517 lucem
1250 2475 1396 2516 emissis
1414 2505 1425 2524 ,
1447 2475 1607 2527 aptissi-

166 2539 312 2594 misque
333 2539 464 2594 figuris
488 2539 614 2580 ornati
637 2555 646 2579 :
672 2555 743 2580 nec
774 2556 856 2582 non
884 2542 1166 2598 castigatissima
1189 2541 1312 2582 tabula
1327 2571 1338 2592 ,
1364 2557 1450 2596 quae
1480 2542 1608 2582 omnia

165 2607 344 2647 vocabula
358 2637 369 2655 ‚
387 2622 594 2662 omnesque
613 2607 790 2650 historias
808 2638 819 2659 ‚
845 2618 884 2649 et
899 2625 1062 2665 quaeque
1082 2611 1180 2651 scitu
1202 2610 1444 2666 dignissima,
1467 2624 1602 2651 secun-

170 2673 260 2714 dum
282 2673 469 2726 alphabeti
492 2675 667 2715 ordinem
703 2675 990 2731 diligentissime
1022 2677 1301 2732 complectitur.
1323 2676 1454 2717 in—fol'.
1477 2693 1508 2717 s.
1526 2692 1558 2715 a.
1581 2676 1607 2715 l.

83 2762 115 2798 χ
167 2749 206 2783 et
226 2750 376 2798 typogr.
394 2742 504 2783 Patet
519 2757 611 2784 vero
633 2758 677 2782 ex
694 2743 867 2795 Epistola
885 2744 976 2785 huic
993 2744 1052 2784 ed.
1067 2744 1274 2796 praemissa,
1292 2759 1370 2785 eam
1383 2759 1469 2785 ann.
1490 2742 1605 2797 1507.
