1794 3100
719 243 884 288 IBIS.
1457 244 1508 300 41

144 335 338 386 Nomina
363 334 442 384 des
462 335 626 402 ra'pidae
643 372 655 394 ‚
681 336 749 385 vel
772 336 1014 385 Tiberinus
1028 374 1041 395 ‚
1063 355 1199 403 aquae.

83 414 392 482 Astacidaeque
414 414 552 463 modo
579 414 724 464 decisa
745 415 950 464 cadavere
975 426 1158 476 trunco,

149 492 296 555 Digna
319 491 449 550 feris,
474 491 646 541 homini
667 493 726 542 sit
750 505 885 560 caput
906 512 1005 542 esca
1028 505 1155 542 tuum
1176 513 1184 541 :

84 571 308 639 Quodque
331 571 479 620 ferunt
499 572 694 620 Brotean
718 571 873 620 fecisse
897 570 1105 638 cupidine
1127 569 1287 620 mortis
1306 607 1318 629 ‚

148 651 241 699 Des
263 661 340 699 tua
363 650 803 700 succensaemembra
821 651 1050 700 cremanda
1072 670 1220 718 pyrae:

82 728 374 796 Inclususque
396 748 545 779 necem
568 749 696 778 cavea
717 730 899 797 patiaris
914 768 925 789 ‚
955 742 1006 778 ut
1029 729 1105 779 ille

39 871 44 877 ι
147 810 255 858 Non
275 808 536 876 profecturae
561 809 767 858 conditor
789 809 998 858 historiae,

86 886 239 953 thue
262 887 478 954 repertori
499 888 653 936 nocuit
675 887 890 954 pugnacis
912 887 1076 945 iambi,

149 963 223 1012 Sic
247 964 306 1014 sit
327 965 374 1012 in
394 964 575 1014 exitium
596 964 748 1029 lingua
771 976 975 1033 proterva
1002 976 1129 1013 tuum
1147 983 1157 1012 :

85 1097 140 1125 ret
155 1116 164 1134 ,
190 1103 268 1125 eam
287 1098 467 1136 poscentes
483 1091 519 1126 in
536 1105 681 1127 uxorem
696 1119 705 1136 ,
730 1092 768 1127 in

85 1151 264 1180 certamen
275 1145 395 1180 curule
407 1146 629 1191 provocabat,
643 1159 768 1181 eorum

87 1198 146 1243 qui
163 1198 243 1233 victi
262 1205 376 1233 essent
388 1224 398 1241 ,
416 1199 527 1244 capita
548 1199 682 1235 foribus
699 1201 769 1235 ad-

86 1249 215 1295 figebat
230 1275 240 1293 ,
261 1257 301 1284 ut
323 1250 476 1295 reliquos
500 1263 520 1285 a
540 1252 768 1287 contentione

85 1301 295 1338 deterreret:
304 1302 389 1338 -Idas
398 1309 531 1347 autem,
543 1304 601 1348 qui
616 1305 769 1349 Apharei

86 1353 177 1389 filius
187 1354 378 1398 ferebatur,
387 1368 497 1401 quum
505 1369 576 1391 esse
581 1356 765 1402 tNeptuni,

86 1409 234 1454 acceptis
250 1421 270 1443 a
285 1415 382 1455 patre
403 1410 502 1455 equis
521 1410 741 1446 velocissimis
756 1437 765 1454 ‚

87 1460 251 1496 Evenum
272 1462 469 1508 superavit,
493 1462 702 1508 Marpissam
719 1463 765 1497 fi-

85 1511 168 1548 liam
175 1513 316 1549 abduxit
323 1527 480 1549 uxorem.
489 1514 632 1549 Evenus
643 1522 763 1550 autem

84 1577 157 1609 μη
168 1564 289 1600 dolore
301 1579 337 1600 se
352 1565 388 1600 in
399 1565 612 1614 Lycormam
622 1566 765 1603 AEtoliae

84 1617 235 1661 fluvium
243 1618 410 1655 demersit
419 1646 429 1664 ,
442 1620 498 1656 cui
511 1620 609 1655 dedit
621 1633 765 1656 nomen.

84 1670 177 1707 Nam
195 1684 237 1706 ex
254 1670 314 1706 illo
335 1679 387 1707 est
409 1672 601 1718 adpellatus
622 1675 767 1707 Euenus.

130 1722 205 1757 516.
216 1723 365 1759 Nomina
379 1726 439 1758 des
452 1727 588 1769 rapidae.
603 1723 769 1759 Aurelius

84 1773 208 1810 Victor
217 1775 252 1810 in
261 1775 410 1822 Origine
418 1776 531 1822 gentis
539 1777 710 1812 Romanae
720 1776 768 1812 sic

82 1825 184 1861 illum
197 1827 347 1874 adpellat
361 1841 368 1862 :
382 1843 399 1858 τι
411 1829 497 1864 Post
509 1842 592 1864 eum
608 1828 768 1874 regnavit

83 1879 250 1917 ,Tiberius
274 1882 423 1926 Silvius,
444 1882 542 1918 Silvii
568 1882 659 1919 filius
673 1910 682 1926 ‚
706 1883 766 1929 qui

86 1943 198 1976 quum
210 1932 373 1969 adversus
388 1933 558 1970 finitimos
571 1935 702 1970 bellum
718 1936 769 1970 in·

86 1981 242 2020 {erentes
252 1985 367 2031 copias
375 1986 566 2031 eduxisset,
578 1987 672 2022 inter
682 2000 767 2033 prae-

87 2032 211 2072 liantes
220 2035 382 2082 depulsus
391 2039 428 2073 in
438 2038 603 2074 Albulam
615 2039 765 2083 flumen,

89 2087 251 2134 deperiit,
261 2091 490 2138 mutandique
501 2093 655 2128 nominis
667 2094 769 2128 exsti-

88 2142 132 2187 tit
141 2155 255 2178 causa.
263 2157 283 2174 »
290 2143 347 2179 De
359 2157 427 2190 qua
438 2146 592 2182 nominis
601 2147 767 2182 varietate

88 2206 164 2229 non
179 2194 382 2230 mirandum
397 2211 406 2239 ;
423 2209 532 2242 quum
548 2197 611 2244 ipsi
627 2211 767 2244 quoque

87 2246 198 2282 fluvio
210 2247 346 2284 diversa
359 2249 429 2284 sint
441 2251 597 2287 nomina.
608 2252 691 2287 Fuit
701 2253 769 2289 Iri-

86 2300 206 2337 berius
232 2309 373 2338 octavus
397 2301 617 2339 Albanorum
642 2318 702 2340 rex
726 2306 768 2340 ab

87 2353 204 2390 AEnea
216 2381 227 2399 ,
248 2363 287 2390 ut
299 2354 450 2391 Ovidius
462 2382 473 2400 ‚
493 2356 550 2391 lib.
568 2356 605 2392 11
617 2357 709 2394 Fast.
720 2372 768 2393 vs.

87 2408 154 2455 389
165 2407 295 2443 scribit.
317 2408 504 2443 Sumen.

131 2463 206 2505 517.
217 2461 477 2506 Hyrtact‘daeque
487 2461 583 2494 modo
594 2461 704 2505 defixa
714 2474 770 2496 ca-

87 2514 211 2548 dovera
224 2519 350 2549 trunco.
382 2515 512 2548 Deciso
531 2512 603 2547 duo
623 2521 769 2550 veteres.

86 2565 181 2612 Lege
191 2567 308 2601 decisa
318 2568 479 2602 cadauere
492 2573 610 2602 trunco
622 2593 631 2610 ,
650 2574 685 2601 et
697 2568 771 2602 As-

87 2621 270 2665 lucideque
285 2622 383 2655 modo
397 2633 477 2655 cum
497 2620 521 2654 J
524 2621 614 2655 ureti
631 2620 749 2656 codice
763 2633 771 2657 :

89 2671 184 2718 quod
200 2679 235 2707 et
252 2671 307 2707 alii
323 2672 497 2707 viderunt.
514 2673 650 2708 lems.

103 2743 106 2748 -
134 2725 210 2760 518.
231 2726 350 2768 ozena
359 2724 460 2768 seras
481 2727 636 2760 hominis.
653 2726 772 2770 Degma

79 2775 173 2822 seris
186 2776 305 2822 scripti
320 2776 499 2822 meliores5
515 2784 609 2813 recte
625 2780 775 2813 :homiui

835 1093 939 1128 etiam
954 1093 1062 1138 probe
1078 1099 1250 1138 quatuor:
1267 1097 1302 1126 et
1318 1103 1400 1126 mox
1413 1118 1422 1136 ,
1437 1093 1522 1127 Bro-

834 1152 912 1179 tean
927 1144 1100 1179 meliores.
1119 1145 1255 1179 HEms.

880 1199 899 1231 5
907 1210 955 1243 ¹9-
967 1198 1137 1241 Quodque.
1150 1196 1314 1237 Broteus,
1325 1195 1477 1231 Vulcani
1486 1202 1522 1231 et

836 1248 1010 1284 Minervae
1022 1249 1133 1292 filius,
1150 1256 1294 1294 propter
1308 1249 1522 1284 deformita-

835 1307 908 1335 tem
925 1301 995 1335 oris
1011 1308 1235 1347 contemptus
1247 1327 1256 1345 ,
1283 1315 1318 1336 se
1345 1301 1382 1336 in
1397 1314 1522 1349 pyram

835 1351 1021 1386 ardentem
1058 1353 1218 1398 conjecit.
1259 1353 1341 1387 Alio
1376 1354 1520 1388 nomine

834 1405 1073 1439 Erichthonius
1084 1404 1283 1446 dicebatur;
1296 1405 1374 1440 vide
1388 1412 1423 1440 et
1431 1404 1521 1440 Gell.

834 1457 936 1493 Noct.
955 1458 1030 1492 Art.
1046 1458 1104 1493 lib.
1123 1459 1256 1503 XXII,
1278 1472 1306 1494 c.
1325 1473 1374 1493 ιι.
1393 1459 1498 1495 DOM.

879 1514 919 1546 52
927 1525 938 1545 1
947 1537 953 1543 .
964 1512 1185 1556 Inclususque
1195 1524 1308 1546 necem
1320 1524 1435 1546 cavea.
1445 1511 1521 1546 Cal-

833 1561 1021 1597 listhenem
1035 1562 1209 1609 designat,
1227 1563 1287 1608 qui
1302 1567 1423 1598 rer'um
1438 1564 1523 1598 Ale-

834 1613 990 1650 lexandri
1003 1615 1127 1660 Magni
1140 1616 1288 1660 scriptor
1297 1643 1306 1659 ,
1324 1616 1413 1651 illius
1425 1617 1521 1661 jussu

833 1680 937 1702 cavea
949 1667 1101 1702 inclusus
1114 1668 1230 1703 inedia
1243 1667 1355 1714 periit.
1373 1668 1428 1702 De
1442 1667 1521 1703 Cal-

835 1719 991 1755 listhenis
1013 1733 1099 1755 nece
1119 1720 1290 1755 differunt
1312 1721 1519 1766 scriptores3

834 1772 913 1807 vide
929 1786 1005 1818 quae
1017 1780 1164 1808 narrant
1178 1773 1304 1808 Suidas
1316 1787 1324 1814 ;
1338 1773 1499 1807 Justinus
1509 1799 1518 1815 ,

834 1826 918 1870 XV,
931 1827 967 1868 3;
987 1824 1151 1869 Curtius,
1167 1825 1279 1867 V111;
1297 1826 1420 1861 Senec.
1439 1826 1519 1861 Nat.

836 1878 971 1923 Quaest.
984 1880 1031 1922 V,
1046 1879 1106 1919 23;
1122 1877 1259 1912 Tullius
1269 1903 1278 1921 ‚
1293 1877 1336 1913 de
1350 1878 1519 1922 Oratore,

836 1932 892 1973 ll;
914 1933 1055 1967 Arrian.
1069 1933 1132 1967 lV.
1150 1931 1331 1967 Caeterum
1346 1933 1520 1967 existima-

834 1991 919 2018 runt
931 1984 1073 2030 quidam
1091 1983 1315 2019 Callisthenis
1324 1984 1520 2018 Historiam

834 2035 871 2071 in
884 2037 1053 2072 Vaticana
1070 2037 1288 2072 Bibliotheca
1305 2037 1429 2071 Romae
1445 2064 1454 2081 ‚
1480 2037 1519 2071 in

834 2091 929 2136 regia
943 2091 1090 2126 Lutetiae
1102 2117 1111 2135 ,
1140 2091 1176 2125 in
1193 2091 1355 2126 Medicea
1370 2091 1520 2126 Floren-

834 2143 905 2178 tide
919 2145 1096 2179 asservari.
1110 2145 1181 2180 Sed
1193 2144 1267 2180 haec
1279 2145 1427 2179 omnino
1442 2158 1521 2191 spu—

834 2198 904 2242 ria,
924 2198 1005 2233 salsa
1031 2206 1067 2234 et
1086 2199 1303 2245 supposititia
1319 2206 1370 2234 est
1383 2226 1393 2243 ,
1416 2199 1520 2233 fabu-

834 2251 945 2298 lisque
963 2252 1103 2288 referta.

881 2306 956 2340 523.
985 2307 1094 2351 thue
1113 2309 1275 2350 repertori.
1294 2303 1523 2340 Archilochus

835 2371 946 2403 quum
962 2358 1179 2407 Lycamben,
1195 2358 1344 2393 iambico
1362 2357 1519 2392 carmine

835 2410 980 2446 invento
993 2438 1003 2454 ‚
1029 2411 1072 2446 ad
1090 2411 1256 2457 laqueum
1273 2410 1518 2456 compulisset,

836 2464 879 2499 ab
890 2464 980 2500 illius
991 2465 1190 2500 domesticis
1204 2471 1347 2500 necatus
1361 2471 1424 2499 est.
1450 2464 1520 2499 Alii

834 2515 872 2550 in
894 2516 1051 2552 exsilium
1069 2517 1213 2552 missum
1229 2516 1362 2552 dicunt.
1375 2516 1480 2551 Dom.

881 2571 957 2613 524.
978 2570 1020 2604 Si
1036 2573 1086 2604 sit
1103 2572 1139 2603 in
1155 2572 1293 2604 exitium
1312 2572 1428 2614 lingua
1438 2581 1522 2612 pro-

834 2627 939 2656 terra.
950 2621 1112 2656 Valerius
1125 2648 1135 2666 ‚
1151 2621 1207 2657 lib.
1222 2622 1275 2657 VI
1289 2649 1298 2666 ,
1317 2635 1391 2667 cap.
1405 2621 1447 2655 de
1461 2621 1523 2655 Se-

835 2675 995 2718 veritate,
1011 2674 1106 2718 dicit,
1118 2673 1222 2710 libros
1235 2674 1394 2721 ejusdem
1407 2681 1520 2720 poetae

837 2725 1122 2762 Lacedaemonios
1135 2740 1153 2762 e
1167 2727 1304 2762 civitate
1321 2740 1382 2762 sua
1398 2739 1521 2772 expor-

836 2779 901 2814 tari
928 2779 1065 2825 jussisse
1089 2793 1096 2816 :
1124 2780 1219 2826 quod
1243 2793 1369 2815 eorum
1395 2792 1521 2826 parum
