1794 3100
215 265 308 328 374
554 259 865 313 NOTITIA
898 265 1283 309 LITERARIA·

212 378 340 422 grum
358 359 590 403 illustravit
606 361 829 412 Erasmus,
857 358 1032 403 Basileae
1044 393 1056 412 ,
1092 359 1203 415 1524
1217 394 1227 413 ‚
1253 367 1297 403 et
1315 359 1436 420 apud
1447 360 1621 421 Gryph-

221 433 349 487 1546,
371 434 515 485 in-8⁰.,
538 441 581 474 et
598 434 728 474 Tom.
750 432 770 474 I
788 431 907 491 Opp.
928 433 981 474 In
1000 433 1164 476 Nucem
1182 432 1444 476 Ovidianam
1456 434 1625 476 Erasmi

213 505 409 566 praefatio
432 504 592 564 legitur
614 505 729 546 inter
751 506 842 559 ejus
864 505 1004 564 Epist.
1028 506 1207 559 XXIX,
1236 505 1317 555 26,
1351 506 1425 565 qui
1446 520 1627 566 poema·

214 581 308 622 tion
337 578 450 621 illud
474 579 501 620 J
504 578 631 619 oanni
663 577 789 619 Moro
804 609 815 628 ,
849 577 1032 619 Thomae
1053 576 1170 630 filio,
1197 577 1371 621 dicavit.
1396 577 1624 622 ,Observa-

214 651 354 694 tiones
376 649 572 693 Herculis
592 649 766 707 Ciofani
782 648 1043 708 prodierunt
1064 647 1296 699 Sulmone,
1327 649 1436 709 1593
1449 682 1463 703 ‚
1489 647 1620 702 in-40.

720 788 1044 819 DEPERDITA,

277 901 520 963 Deperdita
539 900 690 945 Ovidii
708 903 869 961 scripta
886 893 1121 962 diligenter
1142 909 1368 944 enumerat
1379 899 1626 961 Gyraldus:

220 978 266 1020 in
290 975 355 1017 his
383 990 455 1017 sex
475 961 610 1017 libi-os
631 983 873 1035 postremos
902 975 1157 1028 Fastorum,
1194 973 1248 1017 de
1282 973 1441 1034 quibus
1471 987 1626 1045 supra,

221 1056 263 1091 et
289 1048 496 1091 Medeam
525 1048 812 1108 Tragoediam
835 1048 1109 1104 Quintiliano
1130 1050 1202 1101 X,
1234 1064 1247 1090 1
1265 1081 1279 1101 ,
1304 1056 1348 1090 et
1376 1040 1550 1105 dialogo
1576 1042 1633 1094 de

218 1118 494 1173 Oratoribus,
511 1135 606 1179 cap.
627 1134 641 1161 1
653 1135 699 1172 2,
718 1117 953 1162 laudatam.
972 1118 1160 1162 Ovidius
1176 1119 1268 1178 ipse
1280 1119 1321 1160 T
1324 1113 1421 1172 risi.
1438 1112 1629 1178 II,'553.
1659 1159 1667 1166 ,

438 1235 486 1271 Et
500 1235 666 1273 dedimus
682 1234 817 1280 tragicis
831 1234 998 1280 seriptum
1010 1235 1128 1281 regale
1145 1233 1323 1278 cothurnis
1339 1248 1348 1275 ;

480 1295 641 1343 Quaeque
657 1295 767 1341 gravis
783 1295 888 1332 debet
903 1296 1007 1332 verba
1022 1295 1212 1331 cothurnus
1227 1294 1341 1331 habet.

219 1407 408 1457 Versum
426 1407 545 1451 hunc
566 1423 616 1450 ex
636 1407 712 1451 illa
735 1407 862 1450 affert
883 1407 1177 1465 Quintilianus
1185 1439 1199 1460 ,
1223 1385 1337 1450 VIII
1347 1439 1361 1459 ‚
1387 1405 1413 1447 5
1436 1422 1447 1448 :

441 1521 588 1556 Servare
605 1521 724 1568 potui,
742 1521 887 1567 perdere
904 1535 948 1565 pn
966 1523 1093 1568 possim
1113 1521 1238 1568 rogas?

223 1632 342 1693 quod
365 1635 523 1676 Petrus
550 1637 825 1678 Burmannus
844 1634 1050 1682 observat
1077 1649 1327 1695 expressum
1348 1648 1401 1681 ex
1424 1631 1509 1679 hoc
1532 1630 1636 1674 Vir-

223 1705 318 1764 gilii
339 1706 385 1748 in
406 1706 523 1759 Ciri,
550 1722 661 1748 vers,
688 1707 772 1766 275
796 1724 807 1749 ε

439 1820 493 1855 Ut
509 1833 566 1855 me
581 1847 591 1864 ‚
611 1820 639 1855 si
653 1833 791 1855 servare
806 1828 904 1865 potes
916 1846 926 1864 ,
942 1834 989 1856 ne
1009 1820 1154 1866 perdere
1170 1819 1281 1855 malis.

286 1928 449 1972 Seneca
460 1931 590 1972 Pater
604 1928 805 1973 suasoria
820 1931 972 1972 tertia:
995 1946 1016 1970 «
1031 1930 1128 1973 Hoc
1140 1937 1286 1972 autem
1301 1927 1476 1978 dicebat
1493 1924 1639 1978 Gallio

227 2000 387 2043 Nasoni
408 2015 484 2042 suo
507 1999 633 2042 valde
658 1999 870 2059 placuisse
898 2018 907 2043 ε
935 2002 1083 2061 itaque
1106 1990 1400 2062 fecissequod
1424 2000 1470 2042 in
1491 1997 1641 2047 multis

229 2070 323 2113 aliis
345 2071 545 2114 versibus
565 2071 744 2131 Virgilii
773 2071 959 2124 fecerat,
984 2088 1073 2115 non
1098 2071 1368 2132 surripiendi
1388 2088 1536 2123 causa,
1562 2068 1640 2113 'sed

228 2143 373 2204 palam
394 2142 617 2198 imitandi,
639 2145 723 2186 hoc
744 2145 908 2197 animo,
937 2153 986 2187 ut
1010 2143 1142 2188 vellet
1158 2146 1344 2205 agnosci.
1369 2131 1472 2187 Esse
1494 2151 1640 2191 autem

233 2220 279 2261 in
295 2216 504 2276 tragoedia
522 2219 611 2272 ejus
634 2218 788 2278 :feror
805 2217 884 2259 lzuc
907 2217 1003 2259 illuc
1019 2228 1066 2259 ut
1081 2206 1214 2277 pleria
1232 2219 1350 2261 Deo.
1376 2236 1407 2270 »¹
1424 2204 1640 2272 Quoniam

232 2287 394 2331 diserte
428 2288 613 2341 Seneca,
653 2289 901 2347 iterumque
927 2287 1134 2334 affirmat,
1165 2288 1314 2348 plena.
1346 2289 1446 2330 Deo
1474 2283 1642 2327 dictum

233 2377 322 2403 esse
346 2361 589 2403 imitatione
612 2359 810 2419 Virgilii,
835 2376 925 2402 non
945 2361 1134 2408 occurrit
1150 2358 1258 2405 alius
1276 2358 1472 2414 Maronis
1495 2357 1639 2408 locus,

235 2434 310 2492 qui
334 2434 420 2475 huc
454 2433 600 2484 faciat,
638 2448 767 2491 quam
794 2433 926 2475 tritus
957 2430 1033 2474 ille
1063 2433 1109 2474 in
1135 2428 1328 2490 EclogiS‚
1357 2430 1476 2475 Iovis
1498 2430 1644 2471 omnia

229 2504 382 2563 plena,
412 2519 600 2562 quorum
627 2503 866 2545 verborum
891 2518 977 2545 non
1008 2503 1090 2544 alia
1121 2519 1216 2544 mea
1239 2502 1481 2553 sententia,
1514 2513 1644 2558 quam

233 2576 490 2630 haecfftoflus
515 2575 609 2618 Deo
627 2573 780 2633 plenus
798 2590 913 2627 sum,
937 2573 1000 2616 illi
1022 2590 1117 2616 mea
1136 2575 1326 2618 carmina
1348 2580 1475 2614 curae.
1497 2571 1560 2613 Ex
1574 2569 1643 2611 his

235 2648 497 2706 ipsiszporro·
510 2647 550 2688 F
556 2647 643 2688 abii
676 2646 914 2695 etrssenecae
943 2644 1048 2687 locis
1071 2652 1212 2703 patet,
1245 2643 1374 2685 aliam
1401 2640 1528 2698 longe
1545 2654 1641 2681 ²esse

236 2716 443 2760 Medeam
471 2715 647 2764 Osidii-,1
666 2715 727 2757 de·
751 2721 840 2774 qu'a
867 2715 1189 2769 Tertullianus,
1217 2713 1406 2755 carmine
1436 2712 1642 2769 scriptam
