1794 3100
302 242 332 285 6
678 249 731 290 Ρ.
774 248 1013 294 OVIDII
1057 253 1364 300 NASONIS

365 341 466 388 Hoc
489 358 569 402 ego
594 338 787 389 devoveo
812 353 942 408 teque
968 355 1157 412 tuosque
1179 347 1327 397 modo.

299 419 450 483 thue
473 416 566 475 ille,
592 417 793 468 historiis
815 419 1032 470 involvam
1056 423 1247 475 carmina
1271 426 1421 475 caecis:

363 497 468 542 Non
492 493 653 544 soleam
676 497 872 562 quamvis
894 498 980 546 hoc
1003 518 1142 562 genus
1163 501 1259 568 ipse
1278 503 1418 570 sequi.

298 570 425 620 Illius
450 572 654 636 ambages
678 574 876 624 imitatus
899 576 947 624 in
970 577 1098 626 Ibide
1123 578 1271 639 dicar,

370 649 556 699 Oblitus
578 652 714 700 moris
737 652 980 720 judiciique
1000 655 1099 704 mei.
1686 673 1731 706 6ο

300 727 360 775 Et
383 729 615 794 quoniam,
641 731 718 796 qui
736 731 818 789 sis,
843 733 1043 782 nondum
1069 736 1373 800 quaerentibus
1391 737 1507 795 edo,

363 804 504 852 Ibidis
528 806 693 856 interea
715 819 765 856 tu
789 827 965 874 quoque
989 828 1151 858 nomen
1173 811 1302 861 habe.

298 883 449 948 thue
471 884 555 931 mei
579 903 729 933 versus
752 884 1027 952 aliquantum
1050 889 1195 938 noctis
1217 890 1477 949 habebunt,

364 961 436 1009 Sic
459 962 556 1010 vitae
579 964 712 1012 series
735 976 827 1014 tota
854 965 911 1014 sit
929 970 1024 1014 atra
1044 978 1142 1015 tuae.

299 1039 403 1085 Haec
426 1039 509 1086 tibi
531 1040 666 1088 natali
688 1041 812 1099 faxo,
840 1042 1030 1108 Janique
1050 1043 1251 1091 kalendis
1266 1081 1278 1102 ,
1686 1059 1731 1093 65

363 1116 466 1163 Non
489 1118 731 1166 mentituro
754 1119 945 1185 quilibet
968 1139 1042 1168 ore
1062 1119 1189 1183 legat.

300 1194 361 1241 Di
379 1195 511 1243 maris
536 1207 580 1243 et
604 1207 755 1253 terrae3
786 1197 950 1263 quique
971 1198 1042 1247 his
1065 1198 1247 1246 meliora
1271 1198 1429 1247 tenetis

366 1273 488 1320 Inter
512 1272 709 1323 diversos
733 1293 832 1323 cum
853 1277 965 1323 Jove
986 1294 1120 1337 regna
1141 1274 1297 1342 polos;
1469 1340 1472 1342 -

301 1349 402 1395 Huc
428 1367 606 1413 precor,
630 1349 718 1398 huc
738 1362 903 1399 vestras
927 1369 1080 1398 omnes
1104 1351 1316 1399 advertite
1340 1363 1509 1400 mentes
1525 1387 1537 1409 ,

366 1426 426 1472 Et
447 1425 577 1473 sinite
599 1427 764 1492 optatis
784 1428 962 1494 pondus
987 1428 1129 1476 inesse
1150 1421 1272 1476 ineis.
1689 1452 1733 1488 7⁰

299 1503 492 1568 Ipsaque
516 1515 563 1551 tu
585 1504 736 1554 Tellus
755 1542 767 1561 ‚
793 1506 938 1571 ipsum
963 1525 1061 1555 cum
1083 1507 1291 1556 fluctibus
1312 1508 1506 1573 AEquor,

367 1584 466 1649 Ipse
489 1602 629 1640 meas,
654 1584 835 1642 AEther,
861 1585 1033 1651 accipe,
1055 1605 1247 1644 summe,
1271 1605 1425 1652 preces
1448 1606 1458 1635 ε

302 1660 568 1728 Sideraque,
595 1674 639 1710 et
660 1663 794 1711 radiis
819 1663 1085 1714 circumdata
1109 1664 1225 1713 Solis
1249 1666 1421 1729 imago;

302 1776 402 1820 cujus
418 1783 519 1811 terrae
537 1776 611 1812 haec
632 1777 701 1812 avis
719 1777 813 1822 quasi
832 1778 984 1822 peculia-

302 1828 350 1863 ris
368 1842 376 1864 z
394 1837 543 1874 utroque
562 1837 680 1864 autem
698 1830 805 1864 modo
820 1843 883 1875 per
899 1844 987 1866 con-

303 1889 477 1927 temptum
488 1909 497 1924 ,
516 1889 551 1917 et
565 1881 828 1917 contumeliose.
845 1882 984 1917 an.

349 1936 400 1980 57.
429 1936 536 1979 thue
554 1938 612 1969 ille
625 1961 634 1978 ‚
653 1937 804 1970 hzzctoriis
821 1937 986 1970 involvam

304 1989 456 2025 carmina
478 1991 586 2022 coecis.
610 1986 735 2022 suidas
752 1986 859 2022 etiam
878 1986 987 2022 Calli-

305 2039 419 2074 machi
431 2039 584 2074 libellum
598 2040 633 2075 in
646 2040 724 2075 Ibin
735 2041 986 2085 perobscurum

305 2093 410 2128 fuisse
423 2100 587 2136 testatur,
601 2092 644 2128 de
658 2107 728 2138 quo
739 2093 928 2138 Papinium
940 2093 987 2128 lo-.

307 2146 366 2191 qui
381 2158 454 2179 non
466 2145 608 2188 dubim,
626 2145 684 2179 lib.
698 2146 751 2180 IV
764 2144 857 2192 Sylv.
876 2157 987 2189 quum

304 2197 610 2242 patremlaudatin
621 2197 696 2241 ejus
709 2195 879 2241 epicedio,
892 2196 984 2240 quod

308 2246 533 2293 Callimachi,
550 2250 788 2298 Lycophronis
799 2276 807 2292 ,
825 2249 986 2294 Sophro-

306 2302 359 2336 nis
388 2310 423 2337 et
450 2302 618 2338 Corinnae
640 2314 759 2336 versus
787 2301 989 2337 obscurissi-

306 2367 384 2388 mos
401 2353 620 2400 intelligeret.

350 2406 403 2439 62.
434 2406 485 2440 Tu
509 2418 644 2450 quoque.
671 2404 987 2450 Quemadmodum

307 2457 518 2503 Apollonius
532 2456 703 2492 Rhodius.
718 2455 823 2492 DoM.

352 2511 404 2547 65.
426 2512 508 2545 Hoec
528 2514 594 2545 tibi
609 2512 725 2545 natale·
734 2509 862 2553 facito.
882 2509 988 2544 Unus
1015 2536 1017 2540 .

308 2577 349 2599 ex
371 2562 458 2597 meis
467 2561 605 2607 sacaria,
627 2562 862 2598 Bononiensis
875 2561 988 2605 sacto.

311 2614 431 2650 Scribe
435 2613 550 2658 saxo‚·
569 2614 661 2659 quod
677 2621 729 2649 est
739 2615 905 2651 minantis
919 2627 926 2649 :
938 2614 990 2649 ni-

309 2668 358 2703 hil
373 2667 593 2712 frequentius
605 2666 697 2711 apud
711 2668 860 2712 optimos
877 2674 990 2704 aucto-

308 2734 376 2755 res.
389 2721 565 2756 H.-Hac
575 2722 638 2755 tibi
650 2722 769 2754 natali.
778 2720 987 2764 Priusquam

307 2771 402 2809 Naso
414 2771 509 2808 Deos
522 2770 719 2807 invocando
730 2770 793 2806 sibi
808 2770 986 2815 conciliet,

1051 1778 1129 1814 Ibin
1148 1786 1290 1822 monet,
1315 1786 1356 1814 ut
1371 1779 1479 1814 natali
1500 1791 1588 1823 suo,
1609 1778 1732 1815 kalen-

1051 1830 1170 1875 disque
1186 1831 1352 1875 ianuariis
1365 1858 1374 1873 ,
1390 1831 1450 1865 has
1465 1830 1733 1876 imprecationes

1052 1894 1070 1915 a
1084 1882 1204 1927 quovis
1219 1882 1307 1927 legi,
1321 1882 1455 1927 sibique
1468 1895 1533 1927 pro
1541 1882 1662 1918 faustis
1673 1883 1736 1917 im-

1051 1933 1308 1979 precationibus
1337 1933 1475 1968 recitari
1499 1942 1600 1970 curet
1620 1961 1629 1978 ,
1664 1947 1732 1979 quo

1051 1985 1121 2020 scil.
1137 1986 1177 2020 iis
1193 1985 1315 2021 diebus
1330 1986 1567 2031 pronunciatae
1579 2012 1589 2029 ,
1604 1984 1733 2021 certio-

1051 2051 1127 2072 rem
1143 2039 1335 2084 perniciem
1345 2038 1567 2084 portendant.
1581 2039 1731 2073 Veteres

1051 2092 1146 2126 enim
1158 2118 1168 2134 ,
1187 2091 1355 2136 quidquid
1375 2090 1503 2126 ominis
1518 2089 1601 2125 mali
1614 2117 1624 2134 ,
1643 2098 1732 2126 tem-

1050 2144 1193 2189 poribus
1206 2143 1271 2179 illis
1285 2143 1445 2178 auditum
1458 2142 1580 2179 fuisset
1590 2169 1599 2186 ,
1614 2142 1730 2178 dirum

1051 2196 1168 2231 nescio
1186 2196 1280 2242 quod
1301 2196 1444 2231 exitium
1462 2195 1590 2230 minari
1606 2194 1731 2229 crede-
1756 2233 1759 2237 ἵ

1051 2249 1145 2284 bant.
1166 2248 1302 2284 Contra
1319 2248 1393 2284 dies
1407 2248 1481 2283 illos
1496 2273 1506 2289 ,
1526 2247 1555 2282 si
1570 2243 1657 2280 nihil
1672 2246 1730 2280 in—

1050 2299 1155 2334 fausti
1171 2300 1389 2345 contigisset,
1404 2297 1633 2333 faustissimos
1649 2309 1730 2331 cen-

1052 2353 1184 2387 sebant.
1203 2352 1362 2387 SALvAG.

1096 2405 1149 2440 68.
1164 2405 1256 2438 Inter
1266 2405 1413 2438 diversos
1420 2401 1530 2444 polos.
1550 2399 1730 2435 Arcticum

1053 2463 1089 2491 et
1111 2456 1348 2491 antarcticum.
1371 2452 1453 2487 Divi
1473 2459 1575 2487 erant
1597 2452 1731 2487 duode-

1053 2509 1122 2542 cim
1136 2534 1145 2552 ,
1168 2506 1227 2552 qui
1244 2518 1325 2540 curn
1342 2505 1432 2539 Jove
1452 2504 1659 2539 dicebantur
1676 2512 1731 2539 te-

1053 2573 1139 2594 nere
1159 2557 1281 2593 caelum
1295 2582 1304 2599 ,
1323 2563 1357 2590 et
1376 2555 1554 2600 majorum
1570 2556 1729 2601 gentium

1053 2612 1113 2647 Dii
1130 2611 1366 2651 vocabantur;
1391 2621 1477 2654 quos
1502 2615 1538 2643 et
1557 2615 1731 2643 consentes

1054 2663 1272 2710 adpellabant
1295 2689 1304 2706 ,
1335 2662 1395 2707 qui
1422 2675 1441 2697 a
1466 2660 1610 2697 consilio
1631 2661 1729 2695 Jovis

1053 2724 1174 2758 erant;
1194 2717 1241 2751 ita
1255 2715 1357 2759 dicti,
1379 2715 1472 2761 quod
1490 2714 1730 2750 consentirent

1052 2769 1089 2804 in
1112 2781 1155 2804 eo
1168 2794 1178 2813 ,
1203 2767 1297 2813 quod
1319 2767 1515 2814 gerendum
1536 2773 1634 2803 esset.
1652 2766 1726 2800 Ju-
