1794 3100
561 243 690 287 PER
724 240 1106 286 J.VMASSON.
1469 241 1550 284 185

114 319 250 408 prout
270 338 478 404 deinceps
503 356 555 387 ex
572 337 804 404 prioribus
827 334 1098 396 carminibus
1119 331 1265 400 palam
1285 332 1390 393 siet)
1415 333 1553 400 siqui-

117 418 214 467 dem
241 416 296 466 de
332 417 538 465 Romano
567 410 759 482 loquens
790 425 950 470 nauta,
980 431 1108 479 quem
1130 449 1142 469 ,
1180 409 1258 459 ubi
1282 410 1474 476 primum
1499 410 1556 459 ad

115 498 312 547 Pontum
346 495 585 563 adpulerit,
610 514 656 543 se
677 494 772 543 fore
795 494 1172 555 interrogaturum
1202 489 1287 547 ait,
1314 489 1406 538 haec
1444 491 1552 538 sub-

112 573 262 640 jungit
283 592 393 622 vers.
423 571 571 634 45-48
594 592 604 620 :

336 690 370 725 Is
381 716 390 734 ,
408 701 533 735 precor
545 715 554 733 ‚
574 687 710 724 auditos
727 688 835 734 possit
851 700 992 722 narrare
1009 686 1208 732 triumphos

380 749 547 794 Caesaris,
565 758 602 785 et
618 750 717 784 Latio
734 749 872 784 reddita
891 757 971 784 vota
988 748 1070 783 Jovi
1084 762 1092 783 :

332 812 456 858 Teque
469 838 479 856 ,
498 814 693 847 rebellatrix
706 838 714 851 ,
733 810 879 846 tandem
892 837 902 855 ‚
923 813 1125 851 Germania,
1156 809 1277 856 magni

377 874 492 910 Triste
511 880 613 919 caput
628 872 776 918 pedibus
792 872 1010 918 subposuisse
1027 874 1145 907 ducis:

116 967 281 1035 quibus
308 969 489 1017 nonnisi
525 969 770 1017 Germaniae
804 967 1092 1018 rebellionem
1129 969 1218 1016 hoc
1257 986 1373 1015 anno
1409 967 1465 1012 U.
1505 966 1553 1013 C.

117 1057 307 1093 DCCLXII
339 1045 428 1110 jam
458 1044 612 1093 adulto
640 1045 895 1104 excitatam,
920 1061 1018 1112 qua'
1042 1044 1188 1093 Varus
1223 1063 1321 1092 cum
1365 1041 1556 1090 exercitu

115 1124 250 1191 periit
274 1130 304 1183 ¹,
321 1124 548 1188 designare
565 1126 686 1173 Naso
703 1125 851 1192 potuit
867 1144 877 1183 ;
897 1144 1033 1192 quum
1049 1125 1103 1172 ab
1117 1143 1185 1173 an.
1209 1126 1263 1172 U.
1283 1126 1332 1173 C.
1355 1134 1525 1171 DCCLIX
1537 1159 1548 1178 ‚

116 1222 209 1270 quo
231 1222 317 1270 pax
338 1222 438 1258 cum
463 1203 796 1251 Marcomannis
829 1202 941 1252 facta
957 1241 969 1260 ,
996 1203 1051 1251 ad
1074 1203 1194 1251 hunc
1218 1221 1360 1269 usque
1389 1220 1554 1249 annum

117 1279 238 1330 nulla
265 1281 588 1333 Germanorum
613 1279 799 1330 rebellio
821 1281 942 1347 apud
968 1281 1222 1330 Ilistoricos
1256 1291 1555 1333 memoretur;

115 1370 271 1426 atque,
294 1357 451 1407 Tacito
476 1364 493 1383 ²
515 1369 624 1407 teste
639 1396 651 1417 ,
680 1382 703 1401 «
729 1358 900 1408 bellum
925 1378 973 1408 ea
992 1370 1251 1426 tempestate
1274 1357 1446 1407 nullum
1466 1356 1556 1405 nisi

122 1459 146 1480 »
170 1436 379 1486 adversus
406 1437 653 1489 Germanos
679 1450 934 1505 supererat,
959 1438 1238 1487 absolvendae
1268 1438 1408 1500 magis
1441 1436 1557 1484 infa-

118 1537 143 1557 »
170 1514 267 1564 miae
295 1515 355 1564 ob
380 1515 592 1570 amissum
616 1534 717 1564 cum
741 1515 965 1581 Quintilio
989 1518 1111 1565 Varo
1132 1516 1369 1565 exercitum
1386 1553 1398 1574 ,
1424 1535 1557 1582 quam

117 1613 142 1634 »
170 1591 378 1659 cupidine
397 1592 651 1659 proferendi
674 1593 875 1660 imperii,
899 1605 980 1643 etc.
1002 1616 1024 1636 »

180 1671 325 1735 Igitur
346 1671 413 1721 vel
428 1672 533 1721 hinc
553 1685 746 1730 constat,
769 1672 982 1722 Ovidium
993 1683 1091 1740 post
1110 1672 1342 1722 Varianam
1364 1670 1553 1727 cladem,

113 1768 207 1798 nou
235 1767 340 1798 vero
369 1759 487 1806 ante,
520 1763 573 1798 ut
594 1768 825 1818 perperam
854 1750 907 1798 cl.
932 1751 1141 1799 Nori'sius
1172 1750 1415 1799 autumavit
1442 1748 1456 1774 ⁵
1474 1787 1486 1807 ,
1510 1750 1555 1796 in

116 1826 318 1876 exsilium
337 1828 512 1877 abiisse.
533 1829 712 1887 Etenim
732 1829 771 1878 si
787 1831 953 1878 Noster
973 1848 1089 1878 anno
1108 1831 1165 1877 U.
1196 1831 1244 1878 C.
1269 1841 1440 1878 DCCLXI
1453 1866 1464 1886 ,
1487 1847 1556 1876 re-

115 1905 288 1969 legatus
308 1906 488 1967 fuisset,
512 1920 564 1956 ut
586 1908 869 1958 doctissimus
893 1907 967 1956 ille
991 1908 1057 1956 vir
1078 1908 1308 1967 censebat,
1328 1909 1407 1974 qui
1430 1909 1550 1956 Naso

119 1986 339 2051 potuisset
353 1988 558 2054 proximo
584 2007 681 2037 vere
700 1986 775 2036 illa
796 1987 1008 2045 scribere,
1032 1986 1289 2054 bellumque
1313 1986 1426 2034 illud
1446 1986 1557 2034 Ger-

120 2063 365 2123 manicum,
387 2065 639 2131 praedictam
659 2064 822 2114 cladem
844 2064 1132 2114 subsecutum
1148 2104 1159 2124 ,
1187 2064 1458 2128 memorare?

184 2144 262 2190 IV.
303 2144 589 2206 Argumentis
613 2164 700 2211 pro
723 2156 876 2193 nostra
910 2145 1127 2194 sententia
1159 2143 1458 2194 militantibus
1493 2144 1555 2191 sic

118 2221 214 2270 fuse
251 2221 478 2279 deductis,
513 2222 586 2269 hic
610 2222 914 2273 discutiendus
950 2234 1151 2290 superest
1182 2242 1298 2271 unus
1330 2234 1406 2270 aut
1445 2220 1557 2269 alter

116 2301 236 2368 apud
266 2302 480 2351 Nostrum
516 2300 668 2359 locus,
694 2320 825 2368 quem
855 2300 1051 2365 Scaliger
1079 2300 1191 2350 male
1216 2300 1302 2349 fuit
1335 2300 1554 2366 interpre-

116 2389 262 2434 tatus,
288 2397 338 2426 ac
371 2378 575 2427 Norisius
612 2378 657 2426 in
692 2377 918 2444 opinionis
957 2397 1046 2426 suae
1078 2389 1279 2427 tutamen
1313 2376 1552 2425 advocavit.

117 2454 309 2505 Ovidius
341 2455 552 2504 nimirum
590 2475 738 2514 suam,
776 2474 863 2522 qua
900 2456 1158 2523 deportatus
1183 2467 1269 2513 est,
1298 2466 1468 2503 aetatem
1493 2453 1555 2503 sic

118 2532 355 2592 describit,
380 2546 433 2582 ut
453 2535 743 2602 quinquaginta
766 2545 937 2582 tantum
959 2553 1101 2582 annos
1126 2545 1220 2581 tum
1244 2531 1330 2581 sibi
1353 2544 1557 2598 peractos

161 2664 174 2684 ¹
198 2661 293 2696 Vide
312 2662 396 2697 Jani
411 2663 531 2709 templ.
551 2664 672 2699 Reser.
694 2664 786 2700 Sect.
805 2664 871 2707 lv,
886 2678 958 2709 cap.
978 2675 1070 2710 viu,
1088 2677 1163 2710 pag.
1181 2665 1240 2712 39¹
1258 2689 1267 2707 ‚
1294 2646 1367 2706 4oi.

160 2725 177 2744 ³
201 2723 330 2758 Annal.
345 2724 403 2759 lib.
421 2725 438 2760 1
452 2751 462 2769 ,
482 2738 555 2771 cap.
575 2726 605 2761 3.

162 2783 177 2806 ³
199 2785 255 2822 De
275 2785 403 2822 cenot.
421 2787 491 2822 Pis.
508 2800 584 2834 pag.
603 2800 678 2822 201.
