1794 3100
588 228 715 272 PER
747 228 791 271 J.
828 225 1127 271 MASSON.
1492 230 1570 271 113

155 337 256 376 ante
289 328 419 392 quam
451 334 617 373 aetatem
641 321 845 371 solebant
879 321 948 369 his
985 319 1260 387 temporibus
1300 331 1403 382 toga
1439 320 1578 371 libera

154 399 294 448 indui.

220 481 285 543 Ea
301 492 446 529 autem
464 480 502 528 si
517 479 750 528 Rubenius
773 478 1047 526 observasset
1061 517 1072 535 ,
1093 496 1184 525 non
1202 476 1374 525 videtur
1390 476 1577 526 fundum

160 575 248 606 suae
262 546 484 623 opinionis
495 555 542 603 in
560 556 702 604 Statio
715 555 964 621 positurum
979 554 1125 603 fuisse.
1150 555 1356 602 Attamen
1377 552 1443 601 Cl.
1467 554 1581 602 Grae-

158 634 276 692 vius,
302 634 378 701 qui
398 633 585 682 Ferrarii
605 631 867 682 solutionem
883 632 1067 695 legerat,
1088 631 1340 680 adhucdum
1354 630 1580 679 adfirmare

159 711 392 770 sustinuit,
421 724 444 754 «ἀ
467 711 601 759 istum
623 710 752 758 Statii
769 709 917 758 locum
938 721 1163 776 tantopere
1186 709 1356 758 firmare
1379 729 1472 758 eam
1491 711 1581 757 Ru-

161 813 186 834 »
211 790 335 839 benii
354 789 614 839 sententiam
628 827 638 847 ,
663 801 713 838 ut
734 788 847 836 nihil
866 788 959 837 fieri
976 789 1121 855 possit
1142 788 1369 855 liquidius.
1392 789 1477 836 Per
1494 788 1540 835 T
1523 807 1584 858 y-

162 889 186 911 »
212 866 312 924 rios,
340 869 510 934 pergit,
537 867 648 915 Sinus
669 865 780 914 nihil
809 877 960 933 potest
989 864 1203 928 intelligi,
1240 865 1328 912 nisi
1352 876 1580 931 praetexta,

163 968 187 989 »
213 965 307 994 non
323 963 427 994 vero
442 982 453 1003 ,
477 956 529 993 ut
551 944 867 1010 interpretatur
887 943 1134 1000 Ferrarius,
1160 943 1304 991 tunica
1329 942 1384 990 ad
1407 955 1582 1009 pectus,

166 1046 189 1067 ν)
217 1023 307 1072 sive
325 1023 373 1071 in
387 1023 485 1071 Sinu
502 1022 592 1070 lato
608 1021 730 1070 clavo
744 1021 942 1083 insignis.
966 1021 1080 1084 Quis
1100 1021 1213 1070 enim
1228 1041 1421 1088 unquam
1442 1023 1587 1071 sinum

165 1121 189 1143 »
217 1098 377 1148 tribuit
399 1098 580 1154 tunicae,
606 1109 688 1146 ete.
717 1119 740 1139 »

230 1182 383 1247 Quum
407 1181 492 1229 hoc
515 1192 693 1242 rogaret
716 1179 1038 1228 eruditissimus
1060 1179 1151 1239 vir,
1185 1199 1336 1229 versus
1369 1200 1459 1229 non
1489 1201 1587 1230 suc-

166 1259 404 1308 currebant
419 1296 431 1316 ,
457 1274 570 1324 quos
582 1258 678 1323 ipse
690 1257 926 1305 Rubenius
945 1275 996 1304 ex
1012 1257 1287 1313 Albt'novani,
1311 1269 1364 1305 ut
1381 1277 1479 1306 cum
1494 1257 1589 1307 aliis

167 1336 406 1386 arbitratur
426 1342 458 1394 ¹,
479 1335 691 1402 Epicedio
716 1335 761 1382 in
784 1335 1067 1383 Maecenatem
1089 1334 1282 1383 laudavit
1297 1372 1309 1393 ‚
1332 1354 1442 1383 vers.
1469 1336 1529 1382 25
1551 1356 1559 1383 :

390 1449 514 1485 Invide
526 1476 535 1493 ,
553 1449 636 1495 quid
655 1449 798 1484 tandem
815 1452 936 1484 tum‘cae
950 1461 1103 1483 nocuere
1120 1451 1253 1491 soluta,

430 1511 504 1546 Aut
519 1510 581 1546 tihi
599 1514 732 1545 ventosi
741 1510 823 1556 quid
843 1523 995 1545 nocuere
1012 1513 1107 1545 sinus
1119 1514 1139 1547 ,Ρ

169 1606 250 1657 ubi
273 1607 433 1656 diserte
457 1607 568 1655 sinus
590 1608 748 1655 tunicae
772 1607 1033 1655 tribuuntur
1054 1606 1257 1655 dzkcz'nctoe
1274 1646 1286 1662 ,
1316 1625 1447 1673 quam
1471 1627 1593 1671 gere—

167 1685 249 1735 bat
271 1686 513 1742 Maecenas,
539 1683 655 1732 unde
691 1683 757 1731 illi
794 1683 1004 1732 dicuntur
1037 1684 1205 1731 ventosi.
1242 1685 1334 1732 Nec
1365 1684 1492 1732 video
1518 1705 1596 1733 cur

170 1764 341 1813 Statius
361 1783 414 1812 eo
430 1763 531 1812 loco
550 1782 643 1811 non
663 1763 862 1830 potuerit
878 1762 1015 1811 latum
1035 1761 1203 1810 clavum
1219 1800 1230 1819 ,
1258 1781 1388 1828 quem
1403 1801 1414 1821 ,
1439 1775 1490 1812 ut
1507 1765 1598 1817 Ho-

171 1840 310 1890 ratius
330 1839 468 1888 habet
488 1846 530 1898 ²,
556 1838 816 1887 demittebant
834 1849 998 1905 pectore
1014 1877 1031 1895 ,
1071 1858 1154 1905 pro
1179 1858 1268 1905 quo
1295 1838 1459 1904 passim
1488 1840 1598 1888 sinus

172 1918 380 1985 ponitur,
408 1916 613 1966 translate
632 1936 711 1983 per
735 1916 782 1964 T
766 1916 886 1987 yn'os
904 1916 1015 1963 sinus
1032 1913 1296 1978 intelligere3
1321 1916 1599 1982 quemadmo-

177 1996 282 2046 dum
304 1997 490 2063 ipsemet
511 1996 621 2045 dixit
644 1995 721 2044 lib.
747 1997 826 2053 IV,
851 1994 970 2061 Sylv.
996 2007 1062 2051 IV,
1087 2013 1196 2043 vers.
1221 1993 1280 2060 76
1301 2014 1311 2042 :

397 2112 480 2146 Jam
496 2119 530 2148 te
547 2111 673 2146 blanda
689 2115 766 2146 sinu
785 2112 884 2157 Tyrio
899 2110 961 2145 sibi
972 2113 1080 2155 gloria
1094 2110 1176 2145 felix

400 2173 536 2208 Educet
548 2198 557 2215 ,
577 2180 612 2207 et
628 2179 768 2208 cunctas
786 2172 914 2218 gaudet
930 2171 1102 2217 spondere
1119 2171 1266 2207 curules.

179 2268 312 2318 Plura
331 2269 403 2317 his
428 2278 611 2334 possent
633 2266 753 2324 addi,
781 2267 945 2333 quibus
973 2266 1047 2315 illa
1077 2266 1130 2315 cl.
1157 2268 1351 2316 virorum
1377 2268 1526 2336 opinio
1552 2288 1599 2317 ac

178 2346 271 2396 aliae
303 2347 486 2412 insuper-
509 2344 591 2392 hac
615 2344 661 2391 in
684 2363 730 2392 re
754 2343 1117 2392 hallucinationes
1150 2345 1495 2403 revincerentur;
1522 2347 1600 2394 sed

179 2442 228 2472 ea
245 2423 376 2472 nobis
396 2423 468 2471 hic
487 2433 591 2471 sunt
603 2420 845 2469 omittenda
858 2458 869 2479 ,
895 2439 951 2468 ne
969 2420 1143 2484 longior
1156 2422 1232 2471 fiat
1244 2442 1465 2472 excursus.
1486 2425 1600 2472 Con-

182 2499 385 2549 sulantur
402 2499 591 2555 interim,
610 2516 705 2564 quae
722 2497 965 2556 Ferrarius,
980 2498 1028 2546 in
1042 2498 1265 2547 Analectis
1281 2500 1487 2549 adversus
1505 2503 1600 2550 Ru-

224 2623 234 2642 ¹
259 2620 368 2656 Nobis
381 2620 478 2654 enim
494 2632 566 2655 non
582 2619 720 2654 videtur
738 2619 833 2654 istius
851 2626 962 2664 poetae
978 2632 1119 2655 carmen
1133 2646 1142 2664 ‚
1160 2620 1210 2655 uti
1226 2621 1297 2666 jam
1310 2622 1346 2656 in
1363 2623 1503 2659 Horatii
1516 2625 1599 2659 Vita

182 2676 429 2719 indicavimus,
445 2689 521 2722 pag.
539 2676 702 2720 143-145.

225 2735 242 2754 ²
264 2733 339 2768 Lib.
357 2732 394 2774 1,
418 2732 489 2767 Sat.
506 2742 567 2776 vl,
595 2743 680 2766 vers.
702 2731 754 2765 28.

314 2797 463 2847 VIII.
1344 2804 1371 2844 3
