1794 3100
253 210 340 252 250
626 210 974 255 HERCULIS
1008 212 1295 257 CIOFANI

250 301 297 349 in
323 320 412 367 quo
436 301 603 350 ordinis
624 304 806 351 minoris
835 304 1117 353 observantiae
1135 343 1146 363 ,
1182 324 1323 371 prope
1347 306 1506 354 moenia
1526 304 1667 356 collo-

251 391 394 428 catum
418 399 428 427 ε
449 379 491 427 S.
519 381 736 446 Spiritus,
763 381 883 447 quod
906 394 971 431 est
994 383 1199 449 princeps
1226 383 1556 434 Caelestinorum
1578 405 1666 436 οω-

249 458 433 506 nobium
449 494 460 514 ,
484 457 573 504 duo
597 457 733 506 millia
753 478 961 525 passuum
986 460 1196 510 Sulmone
1219 461 1383 511 distans
1400 463 1446 511 in
1465 459 1664 531 Septem—

250 535 435 583 trionem
450 572 461 591 ,
488 536 571 583 sub
595 537 776 585 Moroni
798 539 961 586 montis
978 539 1200 588 radicibus
1219 540 1352 589 situm
1365 579 1376 599 ,
1396 545 1488 590 tam>
1504 561 1664 606 magno

248 613 414 660 ambitu
441 625 483 660 et
496 612 699 676 'aedificiis
724 613 783 662 ita
806 614 1024 680 pulchris,
1050 628 1099 664 ut
1122 617 1168 664 in
1190 618 1392 667 universo
1417 619 1663 669 christianae

246 687 497 753 reipublicae
532 689 664 746 orbe,
689 708 740 737 eo
772 690 935 754 majus,
970 710 1109 758 eoque
1135 685 1405 743 commodius
1428 693 1514 759 (ad
1536 713 1659 744 sum-

247 783 365 812 mum
386 776 595 830 quatuor,
616 778 691 813 aut
713 766 907 832 quinque
926 769 1168 835 exceptis),
1189 770 1368 819 inventu
1388 770 1564 821 difficile
1582 773 1660 822 sit:

246 843 291 890 in
316 843 400 891 hoc
420 845 728 892 monachorum
748 845 960 908 suffragio
976 884 986 901 ,
1014 847 1089 912 qui
1109 865 1158 894 ex
1182 848 1386 896 omnibus
1403 848 1540 898 Italiae
1562 869 1662 898 mo—

244 922 445 970 nasteriis
469 941 518 969 eo
545 942 589 970 se
613 923 869 980 conferunt,
895 923 1033 972 abbas
1056 924 1191 971 divini
1213 924 1404 973 numinis
1434 925 1660 974 voluntate

245 1000 439 1064 spirante
469 1000 597 1048 tertio
634 1020 810 1066 quoque
840 1020 955 1048 anno
987 999 1253 1057 declaratur;
1279 1002 1334 1048 D.
1372 1002 1660 1069 Hieronymi,

247 1075 364 1141 quod
390 1076 722 1142 capuccinssut
742 1076 991 1142 adpellant,
1024 1076 1247 1135 incolunt,
1270 1075 1388 1125 mille
1420 1096 1573 1143 passus
1604 1078 1661 1127 ab

244 1150 353 1199 urbe
368 1151 536 1200 distans
555 1188 566 1209 ,
588 1151 633 1200 in
654 1152 880 1201 Meridiem
899 1172 1038 1219 prope
1057 1153 1251 1202 Casilum
1270 1154 1563 1203 monticulum
1579 1171 1659 1221 po-

243 1229 389 1277 situm.
416 1231 530 1278 Sunt
552 1243 595 1278 et
617 1231 663 1278 in
686 1232 798 1279 urbe
830 1232 1025 1298 quinque
1056 1231 1138 1280 alia
1167 1232 1411 1294 virginum,
1442 1252 1537 1299 quae
1558 1233 1656 1281 Deo

243 1306 393 1355 dicatae
410 1319 535 1364 sunt;
556 1309 612 1356 D.
631 1307 766 1357 Clarae
780 1347 791 1366 ,
808 1310 863 1356 D.
884 1309 1148 1365 Catharinae,
1166 1311 1222 1357 D.
1243 1310 1454 1367 Monicae‚
1471 1311 1527 1358 D;
1546 1311 1657 1359 Cos-

242 1403 334 1441 mae,
355 1386 410 1432 D.
430 1386 637 1443 Antonii,
654 1386 825 1452 aliaque
841 1387 1159 1453 quamplurima
1174 1387 1530 1454 presbyterorum
1546 1405 1656 1435 curae

241 1462 473 1510 commissa
487 1500 498 1519 ,
518 1474 568 1510 ut
590 1463 636 1511 id
651 1501 662 1518 ,
688 1463 805 1529 quod
822 1464 953 1512 modo
973 1464 1085 1519 dixi,
1106 1464 1160 1512 D.
1183 1464 1332 1512 Mariae
1349 1464 1653 1521 Annuntiatae‚

241 1538 355 1585 inter
379 1557 474 1604 quae
497 1551 540 1587 et
564 1539 675 1587 illud
698 1550 765 1588 est
789 1541 910 1588 Divae
934 1540 1086 1589 Mariae
1111 1541 1164 1588 de
1187 1541 1380 1598 Tumba,
1404 1540 1484 1588 ubi
1507 1540 1657 1588 Ovidii

243 1615 399 1664 aedium
420 1635 523 1682 pars
547 1628 590 1664 et
613 1618 822 1684 templum
846 1617 980 1666 fuisse
1005 1618 1203 1666 traditur.
1237 1620 1289 1666 In
1310 1618 1380 1666 his
1404 1629 1547 1666 autem
1568 1616 1657 1665 fere

242 1695 448 1743 omnibus
467 1695 613 1744 multae
631 1708 734 1744 sunt
757 1708 1008 1746 sanctorum
1026 1696 1218 1763 reliquiae
1230 1735 1240 1753 ,
1266 1712 1360 1763 quae
1377 1697 1432 1745 ab
1453 1695 1657 1744 omnibus

240 1771 365 1819 urbis
401 1773 653 1822 hominibus
676 1786 719 1822 et
742 1775 930 1823 externis
946 1812 956 1831 ,
990 1776 1113 1823 statis
1148 1775 1302 1823 diebus
1334 1773 1656 1837 religiosissime

241 1848 454 1905 visuntur.
480 1852 719 1900 societates
738 1865 903 1918 septem
921 1891 932 1910 ‚
957 1853 1228 1900 Sanctissimi
1247 1853 1446 1918 corporis
1462 1851 1652 1909 Christi,

243 1925 776 1989 SanctissimaeTrinitatis
790 1966 801 1984 ,
818 1929 919 1976 Divi
934 1928 1090 1976 Jacobi
1109 1927 1333 1993 Apostoli,
1357 1929 1481 1977 Divae
1502 1922 1653 1976 Mariae

242 2002 527 2064 Angelorum,
541 2004 664 2053 Divae
683 2005 832 2053 Mariae
848 2005 900 2052 de
918 2024 1125 2070 succursu
1136 2043 1147 2062 ‚
1162 2006 1285 2052 Divae
1301 2005 1452 2053 Mariae
1466 2002 1519 2052 de
1533 2006 1655 2054 Lau-

241 2095 335 2131 reto
354 2121 366 2140 ,
398 2095 442 2131 et
464 2085 823 2140 Sanctae-Crucis.
838 2088 890 2133 In
913 2085 998 2133 hoe
1021 2098 1134 2134 artes
1149 2104 1270 2153 paene
1284 2104 1456 2142 omnes,
1479 2102 1576 2150 quae
1599 2084 1654 2132 ad

241 2177 369 2208 usum
383 2159 624 2210 humanum
642 2162 891 2211 necessariae
911 2174 1036 2219 sunt,
1062 2162 1208 2224 vigent
1224 2182 1234 2209 :
1248 2160 1463 2227 praeeipue
1482 2170 1626 2208 autem
1639 2197 1650 2217 ,

243 2256 339 2302 quae
353 2256 433 2285 aere
446 2250 488 2285 et
503 2250 658 2286 stanno
673 2238 786 2286 fiunt
798 2276 809 2296 ,
835 2258 1017 2304 quarum
1033 2258 1162 2305 opera
1177 2239 1238 2287 ita
1255 2238 1497 2286 efferuntur
1513 2236 1655 2285 laudi-

240 2315 347 2373 bus,
370 2316 476 2364 utin
487 2317 666 2383 Europa
676 2317 872 2365 universa
886 2316 946 2365 eis
955 2316 1075 2383 paria
1089 2316 1271 2364 inveniri
1284 2327 1510 2378 negentur.
1527 2315 1652 2378 Quo-

242 2412 339 2440 rum
358 2393 587 2442 artificium
606 2406 655 2451 et
679 2393 933 2456 elegantiam
959 2393 1196 2442 admiratus
1221 2391 1540 2441 eruditissimus
1566 2391 1653 2450 vir,

242 2470 404 2518 Paulus
419 2470 668 2528 Manutius,
684 2471 738 2518 ad
755 2472 819 2519 M.
839 2471 1082 2519 Antonium
1101 2470 1298 2527 fratrem,
1314 2470 1389 2536 qui
1404 2488 1561 2518 aereum
1575 2469 1652 2516 tri-

242 2548 358 2614 poda
375 2548 686 2598 benevolentiae
695 2561 952 2611 argumento
966 2549 1020 2596 ad
1039 2566 1136 2596 eum
1146 2548 1334 2605 miserat,
1347 2547 1462 2595 libro
1471 2548 1537 2595 XI
1553 2565 1653 2594 sua-

243 2645 338 2674 rum
350 2626 647 2691 Epistolarum
656 2627 715 2675 ita
729 2625 902 2675 scribit:
919 2625 1135 2674 «Vasculo
1145 2624 1396 2691 aereo‚quod
1407 2623 1459 2672 ad
1468 2643 1535 2671 me
1546 2622 1654 2670 Her-

248 2725 269 2746 »
293 2702 409 2752 cules
421 2701 550 2750 frater
565 2713 666 2751 tuus
678 2703 773 2751 heri
787 2702 959 2761 adtulit,
972 2703 1083 2750 nihil
1097 2701 1340 2760 amabilius,
1355 2718 1496 2767 neque
1507 2699 1554 2747 id
1567 2719 1650 2748 usu
1665 2701 1667 2704 ⁴
