1794 3100
1291 207 1606 224 mmmm

471 306 898 364 HERCULIS
938 306 1298 364 CIOFANI
1403 368 1407 372 ,
1610 367 1615 376 ,

237 444 895 527 DESCRIPTIO
954 412 1532 526 SULMONIS.

787 593 977 600 ..—

175 683 392 754 Sumo
407 739 418 759 ‚
447 701 646 750 Corfinio
672 699 791 750 mille
816 700 978 749 abhinc
1001 699 1153 756 annis,
1181 711 1223 747 et
1247 716 1298 746 eo
1322 696 1514 765 amplius
1538 697 1607 746 di—

174 793 299 839 ruto,
319 779 604 844 Pelignorum
629 776 913 846 metropolis,
940 798 963 826 a
983 778 1205 834 SOLYMO‚
1233 777 1406 825 AENEAE
1425 776 1605 834 comite,

175 871 219 908 et
241 858 448 908 conditus
472 871 516 907 et
539 858 849 907 denominatus
868 869 934 905 est
948 895 959 915 ‚
978 868 1029 904 ut
1047 866 1233 904 testatur
1252 855 1442 904 Ovidius
1454 892 1466 913 ,
1485 856 1603 904 Fast.

177 936 256 986 lib.
283 938 363 996 IV,
385 955 495 985 vers.
521 953 607 1002 79,
634 954 772 1001 quum
797 935 888 982 ait:

393 1036 512 1081 Hujus
528 1042 603 1070 erat
619 1034 784 1082 Solymus
801 1033 955 1082 Phrygia
972 1045 1089 1071 eomes
1106 1046 1198 1068 unus
1216 1033 1258 1067 ab
1275 1032 1338 1067 Ida
1352 1059 1361 1077 ,

437 1091 469 1126 A
484 1104 555 1137 quo
572 1091 752 1126 Sulmonis
770 1089 898 1124 moenia
914 1103 1047 1124 nomen
1064 1088 1215 1132 habent;

178 1169 298 1237 quod
330 1169 560 1218 confirmat
591 1168 727 1217 Silius
763 1168 970 1227 Italicus,
994 1168 1073 1217 lib.
1105 1170 1197 1226 IX,
1223 1168 1305 1216 ubi
1327 1167 1530 1234 loquitur
1556 1167 1608 1215 de

178 1247 348 1297 Satn‘co
362 1285 375 1306 ‚
398 1247 490 1295 cive
514 1246 807 1296 Sulmonense
825 1286 838 1305 ‚
866 1247 943 1314 qui
966 1246 1112 1313 primo
1136 1245 1255 1294 bello
1278 1245 1443 1312 punico
1459 1284 1469 1304 ‚
1495 1265 1611 1294 anno

175 1322 232 1372 ab
258 1325 314 1372 U.
342 1324 392 1373 C.
416 1337 640 1382 CDXCVII,
665 1343 763 1372 cum
789 1324 856 1372 M.
879 1321 1020 1371 Atilio
1046 1322 1222 1394 Regulo
1248 1323 1294 1370 in
1316 1322 1509 1370 Africam
1529 1334 1612 1371 tra-

173 1402 291 1468 jecit,
306 1413 461 1469 captus
474 1413 629 1468 postea
646 1420 745 1449 cum
764 1420 875 1449 rom.
896 1393 1088 1449 exercitu
1108 1419 1133 1448 a
1149 1400 1396 1467 Xantippo,
1409 1399 1612 1448 Lacedae-

175 1481 427 1532 moniorum
443 1481 571 1538 duce,
591 1479 944 1547 Autololumquc
961 1480 1055 1543 regi
1082 1479 1141 1527 ob
1166 1480 1372 1527 virtutem
1394 1479 1514 1527 dono
1531 1479 1610 1528 da-

178 1573 271 1619 tus,
293 1560 544 1609 servitutem
568 1558 795 1608 serviebat.
816 1550 860 1607 Ῐε
881 1557 1078 1607 Satricus
1094 1569 1326 1624 utramque
1344 1556 1542 1620 linguam
1565 1569 1610 1606 et

176 1638 356 1687 latinam
377 1651 421 1687 et
438 1638 644 1705 punicam
658 1636 845 1694 callens,
869 1655 1005 1704 quum
1019 1674 1030 1693 ‚
1058 1635 1167 1685 duce
1190 1635 1442 1684 Hannibale
1456 1635 1503 1683 in
1521 1638 1609 1684 Ita-

178 1715 279 1765 liam
296 1735 494 1765 reversus
509 1754 520 1774 ‚
545 1715 696 1783 patriae
716 1708 906 1764 visendae
930 1713 1118 1781 cupidus
1132 1752 1143 1771 ‚
1169 1714 1369 1762 Mancini
1393 1714 1485 1780 ejus
1502 1713 1608 1771 filii,

179 1813 308 1861 quem
341 1814 431 1843 non
466 1806 619 1851 norat,
647 1792 780 1842 occisi
813 1792 901 1841 sibi
935 1811 1052 1841 arma
1083 1792 1359 1859 adaptasset,
1390 1793 1446 1841 ab
1472 1791 1608 1840 altero

177 1886 331 1940 postea
350 1873 467 1931 filio,
493 1872 696 1940 Solymo,
723 1872 800 1938 qui
822 1871 956 1939 paulo
981 1870 1168 1939 propius
1192 1871 1379 1938 patriam
1403 1870 1610 1919 excubias

179 1951 390 2011 faciebat,
421 1970 500 2019 per
524 1969 717 2000 errorem
751 1950 1038 2007 interficitur;
1067 1949 1350 2015 moriensque
1385 1950 1611 1998 Romanos

181 2030 386 2078 admonet
400 2068 412 2088 ‚
437 2042 488 2078 ut
507 2028 706 2096 praelium
730 2029 951 2077 differant.
977 2029 1125 2093 Quam
1144 2028 1324 2095 quidem
1342 2027 1612 2077 admonitio—

181 2127 281 2156 nem
306 2107 536 2174 Solymus,
564 2108 624 2156 ob
650 2108 788 2175 patris
811 2107 880 2157 sui
908 2107 1066 2156 caedem
1090 2126 1136 2156 se
1155 2107 1304 2174 ipsum
1326 2107 1581 2156 interimens
1596 2145 1608 2165 ,

181 2188 228 2236 in
250 2187 409 2255 clypeo
434 2187 640 2253 scriptam
657 2186 850 2253 reliquit.
877 2186 975 2235 Silii
999 2187 1090 2235 haec
1107 2186 1239 2235 verba
1261 2197 1367 2235 sunt
1384 2224 1395 2243 ‚
1413 2187 1502 2244 IX,
1524 2185 1582 2251 67
1600 2207 1609 2235 :

401 2285 579 2331 Xantippo
597 2291 738 2330 captus,
757 2284 892 2333 Libycis
908 2284 1071 2320 tolerarat
1088 2284 1124 2319 in
1145 2285 1215 2320 oris

396 2342 590 2378 Servitium
608 2341 763 2376 Satricus
777 2355 786 2383 ;
801 2353 883 2376 mox
900 2341 994 2376 inter
1010 2342 1152 2387 praemia
1170 2342 1243 2388 regi

397 2397 603 2432 Autololum
620 2395 714 2430 dono
730 2395 831 2430 datus
846 2395 891 2430 ob
908 2396 1045 2432 virtutis
1061 2397 1249 2432 honorem.

403 2453 497 2488 Huic
513 2452 659 2495 domus,
676 2458 712 2487 et
725 2452 858 2497 gemini
871 2451 1015 2487 fuerant
1032 2452 1205 2487 Sulmone
1222 2452 1333 2487 relicti

401 2507 527 2543 Matris
542 2508 579 2542 in
597 2507 764 2541 uberibus
778 2506 852 2542 nati
867 2532 876 2550 ,
896 2507 1087 2542 Mancinus
1101 2514 1136 2542 et
1154 2519 1225 2541 una

400 2564 555 2600 Nomine
574 2562 714 2599 Rheteo
732 2560 897 2610 Soly‘mus
912 2575 920 2598 ε
935 2576 1019 2598 nam
1038 2562 1207 2597 Dardana
1222 2563 1339 2609 origo,

400 2621 446 2657 Et
462 2621 618 2669 Phrygio
635 2630 745 2666 genus
760 2632 779 2653 a
795 2631 925 2665 proavo
940 2645 949 2662 ,
968 2619 1027 2664 qui
1044 2625 1179 2664 sceptra
1195 2626 1334 2655 secutus

405 2678 529 2712 AEneae
544 2703 555 2721 ,
573 2685 727 2712 emnam
745 2676 857 2711 muris
870 2676 1079 2711 fundaverat
1094 2686 1225 2710 unium
1237 2702 1246 2720 ,

404 2735 457 2770 Ex
472 2748 545 2770 sese
563 2734 691 2770 dictam
711 2733 883 2779 Solymon
898 2744 906 2766 ε
921 2732 1094 2768 celebrata
1109 2733 1240 2768 colonis
