1794 3100
522 230 610 273 ET
643 229 1147 276 PRAEFATIONES.
1465 234 1552 278 285

124 341 299 374 sacmm
321 320 434 372 illud
457 323 690 371 Musarum
713 322 1003 372 diversorium
1027 335 1250 390 repetens,
1272 323 1317 371 in
1341 325 1557 375 Heroidas

105 396 226 452 'illas
250 401 494 451 Ovidianas
515 401 629 450 forte
657 402 806 450 incidi.
838 401 913 449 Dii
932 402 1043 450 boni
1063 421 1194 469 quam
1209 401 1443 470 multiplici
1462 423 1560 454 eru-

126 478 296 528 ditione
331 477 694 544 refertas‚'quam
726 476 1011 544 lepidissimis
1046 477 1212 527 salibus
1243 480 1558 530 concinnatas!

130 577 155 599 «
167 556 313 604 Omne
332 554 436 604 tulit
454 567 668 622 punctum
682 593 694 614 ,
710 567 762 604 ut
776 555 923 623 inquit
937 555 1120 604 Flaccus
1135 595 1146 614 ‚
1164 555 1241 622 qui
1259 557 1437 605 miscuit
1454 557 1561 606 utile

124 631 262 681 dulci.
285 655 310 676 »
338 632 477 696 Quod
496 632 677 699 quidem
701 644 778 681 aut
799 651 928 682 nemo
942 671 954 691 ‚
986 644 1037 681 ut
1056 645 1166 701 puto
1181 671 1192 692 ,
1219 646 1296 682 aut
1316 646 1467 682 noster
1490 634 1564 683 hic

126 712 247 760 Naso
266 723 333 760 est
349 710 586 760 adsecutus
605 731 614 760 ε
630 712 707 778 qui
719 712 779 760 ita
795 711 905 761 seria
920 711 1096 762 mellitis
1109 712 1564 776 figmentis,figmenta

126 788 252 838 seriis
284 789 463 848 miscet,
486 801 536 838 ut
570 789 677 839 satis
713 791 902 848 nescias,
927 788 1084 857 plusne
1119 789 1350 851 utilitatis,
1376 803 1454 840 aut
1483 811 1560 840 vo-

127 865 311 933 luptatis
335 886 426 934 prae
450 886 495 916 se
529 868 655 916 ferat.
692 868 831 933 Quod
864 887 1002 936 quum
1035 888 1359 936 nonnunquam
1391 869 1563 932 egregie

129 941 304 1000 fecerit,
337 944 385 991 in
419 941 640 1011 Epistolis
675 944 916 1013 praesertim
941 944 1155 1007 singulari
1195 945 1387 1013 quodam
1426 945 1561 994 modo

129 1021 236 1070 mihi
260 1022 414 1072 fecisse
436 1022 611 1072 videtur
614 1060 762 1072 .....

655 1140 780 1155 WWWW

421 1221 766 1278 JOANNIS
806 1223 1271 1280 PASSERATII

599 1350 1086 1387 PRAEFATIUNCULA

212 1446 273 1489 IN
309 1446 514 1491 OVIDII
547 1447 1083 1492 CONSOLATIONEM
1117 1449 1201 1493 AD
1236 1449 1480 1493 LIVIAM.

198 1595 324 1607 .....
349 1560 675 1608 INVETERAVIT
709 1560 865 1628 opinio
880 1598 893 1618 ‚
915 1560 1127 1628 vulgique
1150 1561 1263 1610 fama
1286 1562 1565 1628 percrebuit,

133 1633 345 1689 Ovidium
369 1654 462 1686 esse
485 1650 576 1685 non
594 1637 743 1687 multae
767 1639 975 1687 doctrinae
991 1676 1002 1697 ‚
1027 1639 1299 1707 humilisque
1315 1653 1359 1689 et
1377 1641 1565 1689 nimium

132 1709 397 1766 luxuriantis
412 1712 538 1779 styli;
559 1725 692 1780 atque
710 1714 861 1774 etiam,
883 1716 920 1764 si
939 1717 1036 1766 Diis
1057 1716 1225 1783 placet,
1246 1717 1390 1766 latinae
1408 1718 1568 1782 linguae

133 1789 390 1854 elegantiam
414 1792 692 1859 nitoremque
717 1793 765 1841 in
786 1813 838 1842 eo
861 1795 1027 1862 requiri
1053 1817 1061 1844 :
1086 1795 1194 1844 adeo
1221 1808 1271 1844 ut
1299 1797 1439 1846 Italus
1465 1798 1564 1864 qui·

136 1869 234 1918 dam
247 1870 315 1919 vel
333 1871 415 1919 hac
429 1890 475 1934 re
493 1872 698 1938 inprimis
715 1873 883 1922 nobilis
897 1912 909 1932 ‚
928 1894 1064 1940 quum
1083 1875 1419 1925 humanioribus
1430 1876 1569 1926 literis

135 1947 315 1999 unicum
337 1961 518 2012 gnatum
542 1949 782 2008 imbueret,
805 1950 881 2000 illa
904 1952 1016 2000 miro
1039 1952 1224 2002 artificio
1245 1966 1450 2003 contexta
1477 1973 1567 2003 mu-

89 2033 92 2037 '
135 2033 234 2072 tatoe
255 2035 319 2073 ter
336 2026 507 2092 quinque
529 2028 743 2076 volumina
744 2028 903 2093 fimnoe
920 2029 965 2076 in
985 2028 1175 2095 patrium
1196 2049 1441 2079 sermonem
1459 2051 1567 2080 con-

137 2102 335 2159 verterit,
370 2122 424 2151 ne
447 2141 458 2161 .,
492 2104 529 2151 si
552 2103 685 2154 latine
720 2104 910 2170 legeret,
947 2125 998 2155 ex
1030 2107 1181 2156 Ovidii
1211 2108 1389 2175 scriptis
1416 2109 1569 2158 sordes

138 2192 182 2228 et
203 2179 450 2228 barbariem
476 2179 701 2245 colligeret
720 2183 849 2233 beata
866 2186 992 2252 pueri
1010 2205 1119 2234 vena
1132 2223 1144 2244 ‚
1171 2205 1267 2252 quae
1288 2186 1376 2251 jam
1396 2198 1489 2234 tum
1512 2185 1569 2234 ad

137 2257 384 2325 exemplum
403 2258 605 2307 Maronis
618 2262 902 2326 properabat,
918 2275 971 2311 ut
984 2262 1185 2330 plerique
1199 2263 1409 2313 Italorum
1427 2283 1568 2330 prope

137 2337 193 2385 ab
218 2336 520 2393 incunabulis,
547 2338 655 2385 meri
682 2338 873 2387 existunt
894 2339 1060 2405 judicio
1086 2360 1168 2389 suo
1192 2343 1414 2390 Marones.
1442 2341 1569 2390 Deli-

138 2416 226 2465 cias
243 2416 464 2464 hominis!
493 2434 602 2482 quas
623 2435 678 2463 an
697 2435 803 2479 gens
825 2436 902 2466 sua
924 2418 1071 2467 riserit
1095 2419 1244 2468 nescio
1258 2456 1270 2474 ‚
1291 2421 1446 2468 Musas
1463 2439 1569 2486 pro-

138 2494 256 2544 fecto
279 2494 399 2562 ipsas
414 2533 426 2553 ,
462 2493 706 2561 quamlibet
737 2513 854 2543 nunc
879 2495 1026 2544 tristes
1043 2534 1054 2554 ‚
1097 2496 1289 2544 arbitror
1312 2496 1450 2545 risum
1481 2516 1572 2546 non

144 2570 339 2620 tenuisse
359 2571 406 2619 in
432 2583 518 2621 tam
540 2571 725 2620 delicato
750 2584 793 2620 et
823 2572 1061 2638 sybaritico
1084 2572 1262 2621 fastidio
1267 2611 1347 2622 .....
1388 2574 1573 2623 Levabit

144 2650 304 2699 melius
323 2650 624 2713 aegritudinem
647 2661 845 2698 nostram
859 2688 871 2708 ‚
911 2670 1196 2717 quaecumque
1218 2669 1268 2699 ex
1294 2651 1486 2719 publicis
1507 2651 1575 2700 vel

145 2727 327 2794 privatis
356 2726 482 2776 malis
506 2728 735 2790 continget
750 2765 761 2786 ‚
784 2728 823 2776 is
847 2728 925 2794 qui
949 2728 1082 2777 Liviae
1102 2747 1334 2778 moerorem
1354 2741 1440 2779 tam
1459 2729 1574 2780 bene
