1794 3100
243 253 329 295 316
688 250 1219 295 DEDICATIONES

458 343 539 378 Hoc
553 349 654 388 pater
668 330 705 377 in
719 342 847 376 virides
863 349 1042 378 revocatus
1059 342 1190 378 Iasonis
1213 354 1324 378 annos
1338 369 1349 387 ,

510 402 843 449 Amphitryoniades
857 402 923 438 boc
939 402 1052 438 Iolaus
1070 410 1155 438 erat.

461 463 643 508 Anguibus
657 489 666 506 ,
685 462 822 498 exuvias
836 463 884 497 sic
898 476 1008 508 quum
1028 476 1174 508 posuere
1193 463 1317 500 seniles
1332 489 1341 507 ,

502 522 561 558 Sic
576 522 729 557 maribus
744 523 852 558 cervis
867 536 943 558 sera
958 524 1100 568 juventa
1117 523 1217 559 redit.

455 585 559 620 Nunc
575 585 636 619 tibi
649 597 686 619 se
701 584 846 620 tradunt
861 585 976 634 operis
990 585 1155 630 praeludia
1169 586 1250 630 iusti
1265 612 1275 630 ,

503 644 723 679 Pertexenda
738 645 824 679 mihi
842 657 918 690 quae
933 653 992 680 tua
1008 646 1086 680 villa
1102 646 1218 687 dabit;

459 704 582 749 Quum
599 717 725 740 vacuus
741 705 832 740 curis
848 706 985 741 animus
1000 706 1153 751 liberque
1165 732 1174 748 ,
1192 700 1361 752 suusque,
1399 730 1401 732 -

500 766 552 800 Te
569 765 633 801 sibi
651 773 858 811 praesentem
873 774 995 802 cernet
1012 767 1129 802 adesse
1148 767 1278 802 Deum.

463 823 678 870 Conspectus
695 825 780 860 mihi
798 826 926 871 quippe
942 834 1022 861 tuus
1039 826 1283 872 Phoebumque
1300 828 1476 863 faventem

503 884 598 920 Cum
614 886 713 921 latice
732 886 851 920 Aonio
867 886 1121 932 Pegasidasque
1137 887 1238 922 seret.

460 947 547 981 Haec
562 946 653 981 aliud
670 955 816 991 pereant
832 955 872 983 ut
889 948 1070 994 agentibus
1087 949 1157 983 otia
1172 948 1271 984 nobis
1283 975 1293 991 ,

505 1006 647 1041 Publica
663 1007 718 1042 vix
734 1007 821 1042 tanti
838 1007 958 1043 debuit
972 1021 1043 1043 esse
1060 1008 1159 1043 salus.

425 1087 427 1092 ι
458 1066 595 1111 Patria,
613 1067 656 1102 da
671 1068 810 1103 veniam
829 1081 836 1102 :
855 1068 950 1114 quod
967 1081 1040 1103 non
1059 1067 1138 1103 licet
1153 1081 1224 1103 esse
1243 1065 1350 1104 beatis
1364 1096 1372 1111 ,

502 1126 600 1162 Dum
617 1128 744 1172 premit
760 1128 919 1164 adsiduos
935 1141 999 1164 nos
1017 1137 1076 1163 tua
1092 1142 1175 1164 cura
1189 1156 1198 1173 ‚
1214 1142 1358 1174 queror.

461 1187 549 1222 Haee
561 1181 796 1233 in‘procinetu
814 1188 1007 1224 meditabar
1021 1190 1176 1224 carmina
1193 1197 1316 1225 masto
1331 1215 1340 1233 ,

508 1246 632 1282 Carior
649 1261 670 1282 o
685 1249 755 1284 vita
770 1249 1029 1296 luminibusque
1046 1250 1143 1285 mihi.

460 1306 595 1343 Rursus
612 1309 852 1355 Hyperboreae
867 1309 961 1344 sidus
978 1310 1116 1355 glaciale
1133 1310 1195 1345 sub
1211 1310 1313 1346 Ursae
1370 1330 1372 1332 ·

505 1366 547 1402 In
564 1367 687 1405 Getica
700 1369 822 1404 sedern
836 1369 944 1415 figere
964 1369 1087 1405 missus
1103 1370 1235 1411 humo;

460 1427 522 1462 Me
543 1427 623 1464 licet
637 1428 766 1464 insanis
785 1430 1016 1474 Aquilonibus
1031 1430 1193 1466 horridus
1209 1431 1340 1475 aether,
1366 1447 1369 1450 ⁴

510 1488 571 1522 Me
589 1488 669 1523 nive
681 1515 689 1531 ‚
707 1501 765 1523 me
782 1490 889 1524 cruda
907 1491 1075 1535 grandine
1095 1491 1208 1537 pulset
1224 1491 1345 1538 hyems
1362 1505 1370 1526 ε

464 1548 671 1583 Inconcussa
686 1548 779 1583 feret
796 1549 934 1588 nimbos
953 1551 1110 1586 brumale
1127 1553 1278 1597 rigentes

510 1608 615 1644 Mens
632 1608 794 1645 desiderii
812 1610 914 1655 plena
931 1611 1044 1646 calore
1062 1612 1123 1646 tui.

776 1722 1156 1738 mmmmm

478 1885 535 1933 H.
575 1884 879 1941 CIOFANI,
916 1884 1444 1942 SULMONENSIS,

814 2027 933 2063 PRAE
943 2027 1064 2085 FATI
1077 2026 1111 2062 O

321 2149 384 2192 IN
406 2151 456 2192 P.
487 2150 688 2193 OVIDII
710 2148 969 2193 NASONIS
992 2149 1207 2192 LIBROS
1235 2148 1595 2194 FASTORUM.

318 2281 388 2329 Ex
400 2281 605 2330 omnibus
625 2293 816 2329 veterum
829 2292 1060 2346 poetarum
1075 2282 1385 2339 monumentis,
1400 2280 1569 2329 nullum
1587 2281 1672 2329 ho-

254 2362 408 2411 dierno
431 2363 501 2411 die
533 2375 672 2411 exstat
705 2381 839 2429 opus,
869 2363 990 2430 quod
1014 2375 1090 2411 aut
1115 2363 1362 2412 eruditione
1379 2401 1391 2422 ‚
1413 2374 1489 2411 aut
1511 2363 1643 2411 rebus
1660 2400 1672 2421 ,

255 2464 352 2510 quae
369 2445 424 2492 ad
443 2446 687 2493 Romanam
705 2444 1010 2511 antiquitatem
1036 2444 1382 2508 cognoscendam
1403 2444 1671 2511 pertineant,

253 2527 339 2575 hos
367 2529 542 2576 OVIDII
563 2529 797 2577 Fastorum
823 2527 962 2577 libros
985 2527 1225 2577 antecellat.
1248 2527 1384 2591 Quod
1402 2547 1539 2594 quum
1551 2545 1678 2594 pers-

255 2609 435 2675 picuum
460 2611 541 2669 sit,
566 2610 692 2659 amici
717 2610 894 2677 quidam
916 2610 1032 2670 mei,
1057 2611 1212 2659 harum
1230 2609 1453 2659 literarum
1468 2647 1480 2668 ‚
1505 2627 1599 2675 quae
1619 2608 1675 2655 ab

194 2736 199 2739 ,
252 2690 525 2741 humanitate
550 2710 711 2743 nomen
735 2693 902 2742 sortitae
925 2704 1054 2751 sunt,
1078 2690 1368 2755 intelligentia
1384 2691 1551 2749 ornati,
1570 2689 1676 2738 effe-
