1794 3100
235 270 322 324 214
668 277 717 318 P.
765 277 1002 322 OVIDII
1039 280 1212 325 VITA

233 375 284 412 ut
307 363 398 413 haec
421 365 549 415 etiam
573 368 818 433 nequiverit
844 382 943 420 ante
967 389 1148 423 vernum
1183 375 1316 440 hujus
1345 379 1449 426 anni
1476 392 1651 448 tempus

236 457 407 496 canere,
434 461 522 507 quo
548 442 625 489 Sol
653 462 704 492 ex
724 445 1006 511 antiquorum
1035 449 1210 499 calculis
1234 471 1398 502 novum
1421 457 1523 505 anni
1553 475 1650 506 cur-

237 534 332 565 sum
366 518 720 582 redintegrabat‚
756 541 892 588 quum
912 524 997 588 jam
1021 525 1199 575 Piscium
1231 530 1439 580 subiisset
1460 533 1647 597 signum.

235 593 435 652 Etenim,
461 608 510 643 ut
529 599 691 645 Noster
712 598 867 658 habet,
893 602 1010 649 Fast.
1037 601 1114 650 lib.
1141 605 1179 662 I,
1205 624 1312 653 vers.
1341 606 1401 673 39
1422 628 1433 656 :

456 693 583 730 Martis
598 703 671 731 erat
688 697 819 742 primus
834 698 982 743 mensis,
999 701 1215 747 Venerisque
1233 704 1431 747 secundus„

767 791 866 803 mm

488 901 595 936 Anno
614 900 656 936 C.
674 913 748 944 xn;
765 903 812 938 U.
831 903 874 938 C.
895 915 1060 949 neotxv3
1084 905 1204 943 Ovidii
1222 919 1283 946 nv
1296 917 1332 945 et
1348 921 1402 947 zv.

277 993 584 1031 GERMANICO
610 996 843 1041 CAESARE,
869 998 912 1033 G.
936 998 1161 1037 FONTEIO
1188 1003 1446 1042 CAPITONE
1471 1006 1606 1044 COSS.

298 1090 332 1136 I.
360 1090 581 1151 QUINTUS
602 1091 816 1140 Tristium
849 1093 962 1142 liber
992 1096 1260 1162 superiorem
1296 1100 1495 1165 proxime
1527 1121 1653 1152 secu-

234 1177 303 1212 tus
332 1171 342 1189 ¹
372 1165 472 1213 huic
503 1185 617 1215 anno
641 1168 759 1216 venit
781 1169 1109 1221 adscribendus.
1150 1174 1303 1237 Elegia
1328 1188 1442 1225 certe
1464 1190 1520 1227 III
1545 1198 1651 1228 con.-

236 1242 408 1290 cinnata
429 1243 514 1292 fuit
537 1244 606 1292 die
630 1246 803 1294 Baccho
827 1266 944 1296 sacra
963 1269 973 1297 :

452 1342 514 1377 Illa
528 1345 602 1377 dies
617 1346 691 1379 hoec
706 1352 757 1379 est
767 1371 776 1389 ‚
796 1359 863 1391 qua
880 1354 914 1381 te
930 1347 1103 1383 celebrare
1121 1356 1232 1394 poetae
1243 1376 1253 1394 ‚

495 1405 643 1439 Simodo
656 1393 861 1450 nonsalluizt
882 1414 1028 1452 tempora
1044 1436 1052 1448 ‚
1080 1397 1238 1451 Bacch-e,
1266 1411 1399 1456 solent,
1424 1420 1489 1448 etc.
1511 1400 1515 1403 t

230 1482 292 1528 Ea
324 1493 468 1529 autem
491 1494 585 1530 erat
614 1466 730 1531 tertia
745 1494 844 1548 post
864 1485 973 1533 Idus
1005 1486 1184 1535 Martias
1199 1527 1211 1544 ‚
1251 1508 1328 1537 seu
1364 1502 1464 1538 XVII
1486 1492 1646 1540 mensis

229 1560 405 1618 Martii,
429 1581 480 1609 ex
500 1563 617 1610 Fast.
641 1561 721 1610 lib.
747 1564 815 1610 III
832 1600 844 1620 ‚
867 1583 978 1612 vers.
1008 1564 1099 1630 713
1123 1578 1166 1613 et
1192 1568 1314 1632 714:

452 1659 572 1695 Tertia
588 1666 665 1703 post
683 1659 765 1694 Idus
780 1660 838 1694 lux
851 1668 903 1695 est
917 1660 1142 1697 celeberrima
1157 1666 1311 1699 Baccho.

493 1724 647 1763 Bacche,
665 1722 740 1756 save
755 1722 823 1756 vati
835 1748 845 1765 ,
863 1722 949 1756 dum
964 1731 1024 1757 tua
1031 1723 1129 1767 fi’sla
1140 1738 1238 1759 cano.

295 1801 493 1864 Elegiam
510 1820 612 1848 vero
632 1815 662 1848 X
684 1801 890 1866 scriptam
908 1802 1021 1849 tertio
1040 1802 1180 1850 exsilii
1199 1822 1314 1852 anno
1331 1803 1465 1853 fuisse
1488 1805 1646 1854 diserte

232 1893 385 1929 auctor
404 1880 557 1938 docet,
582 1880 644 1927 sic
669 1898 851 1927 exorsus
873 1899 882 1927 :

449 1978 501 2013 Ut
517 1991 636 2012 sumus
650 1976 686 2011 in
699 1979 807 2012 Ponto
818 2004 826 2018 ‚
843 1984 895 2012 ter
906 1977 1032 2023 frigore
1048 1978 1202 2013 constitit
1216 1981 1302 2014 Ister
1317 1991 1330 2022 ,·

424 2058 427 2062 v
493 2039 597 2073 Facta
613 2044 664 2073 est
678 2039 810 2074 Euxini
823 2037 911 2072 dura
925 2044 975 2073 ter
985 2038 1080 2073 unda
1095 2039 1200 2074 maris
1213 2066 1222 2083 ‚
1239 2046 1304 2075 etc.

232 2138 327 2186 quae
348 2119 551 2184 hyemem
575 2117 708 2181 hujus
730 2116 923 2164 ineuntis
948 2117 1051 2164 anni
1075 2116 1320 2180 designant.
1345 2118 1508 2167 Eadem
1531 2130 1644 2168 tem-

229 2207 395 2265 pestate
418 2206 589 2244 exarata
611 2206 678 2242 est
702 2194 853 2257 Elegia
876 2207 983 2251 XIII,
1010 2195 1091 2243 ubi
1126 2214 1311 2260 querens
1349 2215 1393 2245 se
1426 2207 1570 2245 mente
1600 2208 1644 2245 et

229 2294 411 2341 corpore
435 2292 597 2335 aegrum
620 2290 732 2329 esse,
758 2271 902 2328 addit,
923 2291 1031 2320 vers.
1061 2271 1089 2319 5
1113 2284 1157 2320 et
1180 2272 1240 2319 6:

445 2373 585 2416 Perque
605 2370 677 2405 dies
693 2370 821 2405 multos
836 2370 952 2404 lateris
963 2370 1173 2405 ,cruciatibus
1188 2383 1290 2413 uror,

489 2432 560 2467 Sed
578 2431 670 2476 quod
687 2443 760 2465 non
776 2430 915 2466 modico
930 2430 1058 2476 frigore
1075 2431 1160 2467 laesit
1173 2433 1296 2477 hyems.

290 2513 349 2558 II.
379 2512 531 2574 Quum
563 2512 728 2559 Noster
757 2509 918 2558 amicos
938 2547 950 2566 ‚
982 2505 1145 2575 quibus
1166 2508 1395 2575 plerasque
1426 2509 1642 2558 librorum

223 2587 400 2634 nomine
421 2587 636 2634 Tristium
660 2586 833 2649 Elegias
855 2587 978 2634 misit
992 2624 1004 2644 ‚
1032 2606 1122 2635 non
1147 2605 1279 2635 ausus
1302 2599 1415 2635 esset
1438 2587 1550 2635 veris
1571 2586 1639 2657 in-

266 2720 277 2738 1
303 2717 397 2762 Eleg.
426 2728 440 2750 1
463 2716 537 2750 init.
558 2730 576 2746 ct
593 2719 711 2758 Hunc,
739 2729 878 2761 quoque
902 2715 945 2751 de
973 2715 1120 2760 Getico,
1148 2718 1260 2753 nostri
1288 2717 1460 2761 studiose,
1487 2719 1636 2752 libellum

222 2772 337 2806 Litore
348 2798 357 2816 ,
368 2773 552 2814 praemisszlr
567 2776 708 2816 quatuor
721 2770 808 2807 adde
823 2773 915 2805 metir.
936 2783 954 2800 »
