1794 3100
554 190 684 234 PER
717 192 761 235 J.
799 191 1104 237 MASSON.
1463 211 1544 240 211

165 287 223 338 El
243 287 340 350 egia
358 304 497 354 porro
518 285 716 352 proxime
734 303 922 352 sequens
947 298 1060 346 xm,
1081 288 1274 337 Nasonis
1291 290 1443 346 natali,
1468 289 1555 339 hoc

124 378 210 424 est,
234 366 297 415 xx
316 363 470 413 Martii
489 363 560 413 die
573 401 586 420 ‚
607 375 870 413 cantata-est
889 384 898 411 :

344 475 435 511 Ecce
453 488 687 522 supervacuus
700 501 709 518 ,
728 473 812 520 quid
830 474 926 509 enim
944 474 1013 509 fuit
1028 474 1111 511 utile
1129 475 1251 523 gigni?

394 536 451 571 Ad
469 549 530 571 sua
545 545 701 572 NATALIS
716 543 876 582 tempora
892 543 1013 571 noster
1029 537 1137 573 adest.

350 597 451 632 Dure
463 623 473 641 ,
493 596 578 643 quid
595 596 637 632 ad
660 597 805 632 miseros
819 598 983 633 veniebas
998 598 1121 634 exsulis
1137 599 1278 636 annos?

394 658 578 694 Debueras
594 657 658 694 illis
675 658 879 705 imposuisse
895 658 1044 694 modum
1058 686 1068 703 ,
1085 666 1151 695 etc.

128 769 180 799 ex
203 748 395 816 quibus,
418 748 486 796 uti
505 759 550 798 et
568 748 886 815 sequentibus,
913 747 1042 796 simul
1059 737 1200 814 patet,
1220 748 1341 798 hunc
1365 767 1457 798 esse
1474 751 1564 817 pri-

126 847 249 878 mum
268 829 471 885 natalem,
494 846 628 894 'quem
653 827 843 876 Ovidius
866 827 910 875 in
935 827 1077 876 exsilii
1101 826 1201 875 loco
1236 827 1534 878 celebraverit.

197 906 375 956 Silenda
398 925 502 955 vero
522 906 594 954 hic
618 925 707 954 non
731 917 798 954 est
819 905 982 954 Pen'lla
997 945 1012 962 ,
1042 906 1113 954 cui
1132 906 1288 970 Elegia
1311 920 1383 956 VII
1407 908 1569 957 inscri-

130 984 269 1033 bitur.
305 985 417 1032 Eam
452 981 659 1031 nonnulli
694 993 911 1048 putarunt
948 981 1099 1030 Ovidii
1114 983 1259 1048 filiam
1289 1002 1413 1042 esse,
1449 984 1571 1052 quod

130 1080 242 1111 vers.
276 1059 333 1107 18
355 1059 401 1107 in
423 1057 683 1122 vulgaribus
705 1057 977 1106 editionibus
999 1070 1132 1125 poeta
1154 1059 1208 1106 de
1231 1078 1277 1108 se
1301 1060 1465 1109 scribat
1483 1082 1493 1109 z

356 1169 477 1214 thue
494 1174 594 1213 pater
610 1175 698 1202 natae
712 1194 721 1211 ,
741 1167 879 1213 duxque
896 1180 1082 1213 comesque
1101 1166 1164 1202 sui.

137 1265 200 1312 At
215 1261 320 1311 licet
335 1260 452 1309 hanc
470 1257 761 1326 probaremus
779 1257 1013 1307 lectionem
1028 1295 1039 1316 ,
1066 1277 1297 1325 possemus
1316 1273 1459 1310 tamen
1475 1282 1577 1312 cum

136 1341 249 1388 Tan.
270 1337 419 1387 Fabro
438 1342 449 1361 ¹
469 1334 533 1384 sic
550 1336 766 1384 Nostrum
784 1334 1083 1400 interpretari,
1109 1346 1161 1383 ut
1179 1335 1266 1384 hoc
1283 1337 1417 1386 modo
1438 1339 1578 1402 signi-

137 1417 262 1475 ficet,
291 1434 337 1464 se
360 1412 570 1463 nimirum
592 1410 763 1461 Perillae
788 1411 935 1460 studia
958 1411 1039 1475 (de
1067 1412 1231 1479 quibus
1256 1415 1492 1481 superius)
1511 1418 1580 1466 fo-

138 1487 277 1554 visse;
311 1513 358 1544 se
381 1492 448 1541 illi
469 1491 649 1549 itidem,
676 1503 727 1540 ut
749 1504 898 1559 patres
923 1491 1092 1550 solent,
1119 1491 1275 1541 ducem
1300 1507 1344 1543 et
1370 1496 1580 1547 comitem

138 1575 196 1624 ad
216 1572 425 1642 praeclara
447 1569 595 1619 studia
612 1570 772 1619 nitenti
793 1569 943 1619 fuisse.
970 1571 1142 1618 Deinde
1157 1572 1327 1620 variant
1340 1574 1578 1624 admodum

139 1654 238 1704 cod.
252 1652 394 1710 MSS,
411 1663 455 1699 et
466 1649 566 1699 loco
576 1660 701 1716 pater
715 1660 846 1707 παίω,
872 1662 1066 1717 quatuor
1083 1651 1272 1711 habent,
1291 1664 1416 1719 pater
1434 1674 1579 1713 nemo;

141 1733 348 1791 totidem,
375 1741 496 1797 utque
517 1739 636 1796 patet
665 1746 785 1778 venoe
802 1748 820 1785 ,·
850 1727 923 1777 alii
953 1729 1106 1787 aliter,
1132 1742 1318 1780 notante
1342 1731 1395 1782 cl.
1432 1734 1577 1784 Nicol.

141 1804 342 1862 Heinsio.
368 1810 585 1858 Praeterea
607 1806 718 1856 nihil
741 1819 809 1856 est
829 1819 925 1856 toto
945 1807 991 1856 in
1016 1808 1208 1857 carmine
1223 1847 1235 1867 ,
1261 1810 1383 1876 quod
1411 1811 1477 1859 vel
1508 1813 1582 1861 in-

143 1908 278 1940 nuere
309 1887 481 1956 possit,
514 1887 719 1936 Perillam
738 1886 903 1935 hancce
927 1885 1064 1935 fuisse
1084 1887 1275 1936 Nasonis
1298 1887 1432 1936 filiam
1448 1927 1460 1948 ,
1487 1910 1584 1956 quae

147 1987 246 2017 cum
269 1986 352 2015 suo
376 1964 562 2032 conjuge
584 1966 629 2013 in
653 1964 804 2014 Africa
828 1964 934 2022 fuit,
962 1984 1100 2031 quum
1124 1966 1287 2032 Noster
1308 1985 1425 2015 anno
1449 1986 1584 2035 supe-

147 2047 262 2095 riore
285 2044 340 2093 ad
362 2042 495 2092 finem
519 2055 722 2106 vergente
741 2044 788 2091 in
804 2042 1007 2092 exsilium
1024 2043 1166 2092 abiret
1184 2063 1193 2101 ;
1220 2056 1264 2092 et
1281 2063 1377 2111 quae
1396 2046 1584 2111 proinde

148 2126 220 2174 vix
242 2122 441 2192 potuerit
467 2121 557 2169 boc
592 2134 789 2188 tempore
820 2124 977 2170 Romae
1007 2122 1158 2170 sedere
1191 2122 1307 2170 dulci
1334 2142 1422 2171 cum
1457 2135 1587 2173 matre

149 2207 293 2272 (vers.
317 2201 345 2248 3
366 2203 412 2263 ),
439 2219 569 2267 quam
592 2200 722 2248 etiam
744 2212 878 2267 poeta
901 2219 957 2249 ne
979 2201 1116 2249 verbo
1142 2200 1320 2267 quidem
1339 2221 1415 2250 ceu
1442 2223 1585 2253 caram

150 2284 220 2332 sui
244 2280 476 2345 conjugem
502 2277 679 2327 salutat.
747 2275 750 2278 ⁴

217 2361 272 2407 V.
322 2359 422 2406 Hoc
452 2355 617 2423 pariter
642 2360 771 2403 ‘anno
806 2356 956 2422 potuit
983 2356 1087 2404 liber
1120 2356 1286 2414 scribi,
1330 2356 1400 2404 cui
1424 2357 1582 2409 titulus

152 2440 269 2494 IBIS,
290 2455 341 2485 ex
359 2435 461 2483 ficto
479 2433 690 2482 nimirum
705 2432 828 2481 illius
849 2433 931 2482 viri
949 2434 1151 2493 nomine,
1179 2453 1310 2500 quem
1327 2451 1378 2482 eo
1396 2435 1584 2484 carmine

154 2516 358 2570 devovet,
385 2512 507 2580 quod
529 2512 683 2576 lingua
704 2514 919 2560 Nostrum
944 2513 1126 2579 ejusque
1152 2511 1385 2577 conjugem
1407 2513 1585 2562 morde—

156 2605 242 2651 ret,
267 2603 319 2640 ut
337 2591 503 2639 indicat
525 2609 637 2640 vers.
672 2609 690 2637 1
706 2589 834 2637 1-16.
858 2591 1036 2638 Etenim
1060 2590 1123 2638 sic
1148 2589 1351 2639 orditur:

205 2725 215 2746 ¹
242 2724 317 2759 Lib.
336 2724 376 2767 1,
399 2723 508 2769 Epist.
525 2733 681 2758 xxxvm.
