1794 3100
248 216 335 260 286
681 212 1206 259 DEDICATIONES

244 307 487 376 permulcet
510 308 698 357 Ovidius
722 328 732 356 :
757 308 1005 356 rationibus
1028 307 1385 372 argumentisque
1414 306 1658 373 pervincet,

245 385 435 433 humana
460 384 605 432 omnia
628 403 719 432 esse
742 383 929 432 humane
956 395 998 431 et
1028 383 1248 431 moderate
1284 381 1465 430 ferenda
1492 401 1503 430 z
1535 380 1662 430 molli

243 462 547 527 objurgatione
572 460 770 527 querelas
785 498 797 518 ,
821 459 1145 526 muliebresque
1164 459 1417 525 ejulationes
1440 459 1660 517 excutiet;

244 541 437 588 virorum
462 539 642 587 fortium
667 538 877 605 exemplis
901 538 1123 601 singultus
1157 548 1353 603 premet,
1387 556 1436 586 ac
1455 527 1663 586 recondet

243 616 428 678 gemitus
442 634 452 673 ;
470 613 746 662 adlocutione
757 613 918 661 blanda
931 613 1139 679 lacrymas
1149 612 1419 675 abstergebit
1433 631 1443 670 ;
1458 624 1502 661 et
1515 630 1663 661 verum

244 711 336 741 esse
371 691 714 750 demonstrabit,
739 691 857 757 quod
888 691 950 739 ait
971 691 1016 738 in
1042 690 1238 739 oratione
1259 689 1342 754 περὶ
1368 690 1494 755 ἐἶριῖνης
1528 688 1663 738 diser-

247 769 443 818 tissimus
467 788 516 817 ac
538 768 818 817 suavissimus
840 768 992 816 rhetor
1012 769 1226 816 Isocrates
1251 787 1260 814 :
1282 768 1372 820 ταῖς
1399 769 1555 826 ψυχαῖς
1573 769 1662 819 ταῖς

244 849 438 900 voa-odona
458 846 573 895 odaee'r
590 845 674 894 'eoa-i
701 845 807 893 οἷ’λλο
833 847 1032 911 φάρμακον
1058 842 1160 891 mxlv
1175 845 1305 903 λὸφος.
1339 844 1517 908 Quibus
1547 863 1662 893 con-

242 925 437 974 sentiunt
457 924 548 972 haec
570 923 616 970 in
642 922 782 971 scenis
805 934 848 970 et
870 921 1032 971 scholis
1053 921 1277 970 decantata
1300 941 1310 968 :
1335 919 1472 979 Ψυχῆς
1500 925 1662 974 mode-nc

244 1002 334 1052 εἰσὶν
368 1003 491 1066 ἰατροὶ
514 999 637 1058 Myon·
660 999 775 1058 λδφος
795 999 872 1064 ya'p
892 999 978 1047 ἔστ)
1007 998 1204 1064 φάρμακον
1225 997 1347 1051 λῦπης
1366 999 1485 1056 μαίνοιτ’
1508 1001 1526 1046 ὃ
1548 998 1660 1056 λόγος

243 1077 369 1141 ἰατρὸς
391 1076 438 1124 03
461 1075 569 1123 κατ-αι’
597 1074 726 1135 ψυχιῗν
758 1075 907 1129 πάθους.
943 1077 1111 1141 Nempe
1138 1086 1190 1122 ut
1218 1092 1345 1123 canes
1377 1073 1554 1123 vulnera
1582 1093 1660 1123 sua

243 1151 477 1202 lambendo
508 1164 686 1209 sanant,
717 1151 891 1218 illisque
918 1171 1001 1219 pro
1033 1152 1349 1201 medicamento
1379 1164 1446 1200 est
1480 1151 1658 1215 lingua;

243 1232 304 1280 sic
322 1231 466 1279 animo
484 1241 649 1292 aegroto
664 1267 676 1287 ,
697 1241 740 1276 et
756 1230 847 1278 ictu
866 1229 1032 1278 doloris
1052 1230 1226 1298 saucio,
1245 1230 1446 1279 salutaris
1464 1242 1531 1279 est
1547 1243 1660 1280 tem-

245 1309 412 1375 pestive
427 1307 623 1355 adhibita
640 1306 853 1355 orationis
869 1307 1096 1356 medicina.
1123 1308 1350 1357 Memoriae
1372 1297 1663 1374 prodiderunt

242 1384 520 1434 Democritus
535 1395 579 1431 et
591 1384 924 1450 Theophrastus
943 1385 1190 1450 viperarum
1207 1385 1524 1451 hominumque
1544 1404 1660 1434 mor-

242 1482 317 1511 sus
340 1461 609 1528 quibusdam
635 1461 842 1510 tibiarum
865 1461 1061 1509 infractis
1083 1461 1464 1510 modulationibus
1487 1463 1628 1510 curari
1649 1484 1660 1511 :

243 1539 364 1605 quod
383 1551 426 1587 et
446 1538 694 1587 ischiadicis
712 1539 962 1587 existimant
982 1539 1191 1606 prodesse
1212 1539 1462 1607 plurimum.
1495 1540 1660 1588 Contra

244 1636 380 1683 quum
405 1616 623 1682 Phrygios
647 1617 806 1665 modos
830 1617 991 1664 tibicen
1011 1616 1256 1673 incinebat‚
1282 1616 1408 1682 quasi
1429 1615 1660 1682 repentino

241 1696 389 1743 furore
411 1713 461 1743 ac
477 1695 599 1743 rabie
623 1695 800 1761 perciti,
830 1694 944 1742 Galli
973 1694 1163 1761 Cybeles
1179 1733 1190 1752 ,
1215 1694 1376 1742 ferrum
1393 1695 1438 1741 in
1457 1713 1502 1742 se
1528 1693 1660 1743 strin-

245 1772 404 1835 gebant
414 1810 425 1830 ,
445 1784 487 1821 et
496 1772 690 1821 membra
703 1791 779 1821 sua
793 1771 1017 1821 laniabant
1029 1810 1041 1829 ,
1062 1791 1158 1838 quae
1172 1772 1339 1820 utinam
1352 1771 1519 1819 i‘nsania
1533 1781 1657 1819 tanto

243 1848 472 1898 intervallo
498 1849 555 1897 ad
576 1868 726 1897 eorum
751 1848 934 1912 gentiles
959 1868 1050 1897 non
1078 1848 1357 1914 pervenisset.
1392 1849 1495 1895 Non
1526 1847 1658 1896 dissi-—

244 1923 361 1972 milis
385 1936 452 1974 est
474 1924 538 1972 vis
562 1925 773 1973 orationis
797 1936 840 1972 et
860 1923 1064 1981 facultas,
1095 1942 1190 1989 quae
1220 1922 1258 1971 si
1288 1922 1583 1971 vehementius
1609 1923 1657 1970 in

244 2019 368 2049 aures
391 2001 662 2049 audientium
683 2001 952 2058 infunditur,
978 2001 1256 2067 quantumvis
1280 2001 1448 2067 quietas
1471 2012 1514 2049 et
1534 2000 1658 2048 seda-

244 2090 311 2127 tas
334 2090 503 2126 mentes
525 2077 715 2125 concitat
736 2097 784 2126 ac
807 2077 1036 2144 perturbat
1067 2098 1077 2125 ε
1106 2078 1175 2126 sin
1195 2077 1331 2125 levius
1362 2077 1530 2134 influit,
1553 2095 1656 2142 per—⁴

244 2156 443 2205 turbatas
466 2167 510 2203 et
526 2156 765 2204 concitatas
786 2155 926 2213 sedat,
949 2155 1133 2221 oleoque
1153 2154 1477 2221 tranquilliores
1495 2155 1653 2204 reddit.

245 2233 307 2280 At
330 2232 424 2280 istae
445 2230 814 2297 philosophorum
831 2269 842 2289 ‚
871 2250 967 2279 non
999 2243 1245 2288 oratorum,
1270 2242 1374 2279 sunt
1400 2230 1655 2279 consolandi

246 2310 422 2375 partes?
445 2308 569 2372 Quid
593 2309 629 2356 si
647 2308 940 2376 philosophos
962 2309 1085 2374 ipsos
1107 2308 1338 2355 ostendero
1365 2325 1470 2355 suos
1501 2307 1656 2356 hortu-

247 2386 338 2443 los,
365 2386 481 2434 unde
511 2385 699 2434 remedia
720 2386 889 2434 morbis
915 2387 1159 2434 animorum
1181 2396 1360 2451 petunt,
1386 2384 1536 2433 Ovidi-i
1557 2384 1657 2433 fon*

248 2461 370 2510 tibus
390 2462 627 2524 irrigasse?
646 2462 825 2527 Optime
839 2500 850 2519 ‚
875 2475 926 2511 ut
945 2481 1038 2510 mea
1051 2462 1135 2510 fert
1157 2461 1308 2527 opinio
1323 2499 1335 2518 ,
1359 2460 1411 2508 de
1433 2460 1554 2509 luctu
1575 2461 1655 2509 mi-

247 2540 423 2589 nuendo
441 2541 617 2606 scripsit
633 2541 683 2588 L.
702 2541 894 2589 Annaeus
913 2540 1086 2604 Seneca.
1105 2538 1320 2601 Perlegite
1342 2538 1436 2603 ejus
1451 2538 1654 2586 consola—

248 2618 392 2665 tiones
402 2616 456 2664 ad
471 2617 720 2682 Polybium,
739 2617 911 2666 Claudii
925 2617 1107 2665 Caesaris
1118 2616 1322 2664 libertum
1335 2634 1346 2674 3
1364 2617 1419 2664 ad
1434 2615 1651 2672 Martiam,

249 2694 386 2742 Cordi
407 2693 617 2742 Cremutii
631 2694 790 2752 filiam3
813 2694 867 2743 ad
880 2693 1079 2743 Helviam
1096 2706 1276 2742 matrem
1297 2714 1307 2741 ε
1328 2693 1413 2742 nisi
1426 2693 1533 2741 mihi
1546 2711 1650 2748 con-v
