1794 3100
729 253 923 298 VITA.
1487 252 1537 294 81

263 380 271 392 ,
336 347 444 384 Orbis
460 347 499 382 in
515 341 679 382 extremis
693 346 792 391 jaceo
808 345 966 380 desertus
981 345 1095 380 arenis
1105 371 1115 389 ,

380 409 467 445 Fert
480 408 541 443 ubi
558 414 744 454 perpetuas
761 407 888 442 obruta
902 414 997 442 terra
1012 406 1121 441 nives.

337 470 421 507 Non
438 482 520 515 ager
534 469 591 504 hic
606 480 769 514 pomum,
787 480 861 502 non
878 467 995 503 dulces
1011 468 1134 503 educat
1149 480 1252 503 uvas:

381 531 465 566 Non
482 529 599 566 salices
615 530 688 576 ripa
701 556 710 574 ‚
728 529 853 564 robora
868 536 989 564 monte
1002 529 1128 565 virent.

339 592 437 628 Neve
453 584 585 626 fretum
599 590 720 627 laudes
736 598 828 626 terra
846 590 975 637 magis,
994 603 1135 636 aequora
1150 603 1289 636 semper

388 652 590 687 Ventorum
606 652 701 687 rabie
717 652 846 687 solibus
861 652 946 687 orba
962 659 1112 688 tument.

343 712 582 759 Quocumque
599 712 785 758 adspicias,
803 712 917 758 campi
936 713 1070 748 cultore
1087 720 1246 749 carentes
1259 740 1268 757 ‚

389 773 566 820 Vastaque
580 801 590 818 ‚
610 787 688 820 quae
704 787 812 809 nemo
828 774 1001 818 vindicet,
1019 787 1100 810 arva
1116 775 1243 820 jacent.

346 836 469 871 Hostis
484 835 581 871 adest
591 835 735 887 dextra,
752 836 906 881 laevaque
923 849 941 870 a
958 843 1055 881 parte
1076 836 1270 884 timendus,

389 896 588 942 vicinoque
604 903 702 931 metu
718 903 829 931 terret
844 904 1035 942 utrumque
1053 895 1151 931 latus.

343 957 467 993 Altera
483 957 657 993 Bistonias
673 970 751 1003 pars
768 965 820 992 est
834 970 977 992 sensura
993 956 1151 1003 sagittas;

388 1017 510 1053 Altera
529 1018 722 1053 Sarmatica
739 1017 867 1062 spicula
883 1018 987 1053 missa
1001 1031 1122 1052 manu.

129 1106 210 1155 Sui
230 1116 376 1154 autem
400 1102 543 1152 exsilii
574 1102 685 1152 duas
720 1103 856 1152 suisse
880 1103 941 1151 ait
963 1122 1139 1158 causas,
1169 1123 1355 1169 quarum
1384 1103 1562 1154 alteram

129 1185 300 1251 ubique
331 1183 519 1242 fatetur,
546 1181 725 1230 alteram
756 1201 927 1249 semper
961 1182 1235 1251 supprimit:
1264 1184 1327 1232 ait
1362 1183 1478 1233 enim
1510 1185 1562 1233 dc

129 1260 265 1310 Trist.
288 1259 368 1309 lib.
395 1260 440 1308 Π
460 1278 471 1307 :

351 1363 579 1400 Perdiderint
598 1375 707 1409 quum
724 1376 782 1398 me
799 1362 871 1397 duo
889 1363 1037 1398 crimina
1051 1390 1060 1407 ,
1077 1376 1238 1409 carmen,
1257 1371 1293 1399 et
1308 1377 1429 1406 error;

399 1425 554 1462 Alterius
570 1425 652 1461 facti
668 1425 770 1472 culpa
785 1426 918 1461 silenda
934 1425 1022 1460 mihi
1039 1434 1101 1462 est.

134 1515 337 1580 Persaepe
351 1511 488 1576 igitur
499 1509 693 1560 etlibros
709 1511 763 1559 de
780 1511 889 1580 Arte
903 1511 1094 1560 Amandi
1104 1503 1409 1578 composuisse
1429 1509 1567 1569 dolet,

135 1590 260 1658 quod
280 1600 515 1658 propterea
539 1588 747 1651 Augusto
773 1587 875 1641 odio
900 1607 993 1638 esse
1014 1589 1196 1655 coeperit
1211 1626 1229 1647 ,.
1250 1600 1292 1636 et
1313 1587 1483 1654 aliquid
1507 1587 1570 1636 vi-

136 1666 253 1716 disse
275 1684 355 1733 per
378 1685 570 1715 errorem
585 1703 597 1724 ‚
630 1677 681 1714 ut
705 1665 764 1714 ob
789 1665 836 1712 id
856 1666 902 1713 in
926 1665 1151 1732 Scythiam
1174 1664 1394 1729 relegatus
1412 1664 1571 1722 suerit,

136 1745 309 1794 offenso
335 1745 505 1793 Caesare
531 1764 541 1792 :
565 1745 628 1792 ait
650 1744 767 1792 enim
787 1744 834 1792 in
861 1745 906 1792 II
926 1744 978 1791 de
997 1744 1144 1792 Ponto
1158 1782 1170 1803 ‚
1191 1743 1316 1807 Eleg.
1339 1756 1391 1792 lx
1412 1765 1421 1792 :

358 1849 458 1886 Neve
473 1862 593 1895 roges,
612 1861 690 1894 quae
705 1849 750 1883 sit
761 1875 771 1893 ‚
792 1848 936 1883 stultam
949 1861 1056 1894 quam
1069 1849 1269 1895 scripsimus
1287 1849 1413 1885 Artem
1426 1865 1435 1893 3

407 1911 585 1946 Innocuas
599 1909 700 1944 nobis
717 1909 792 1945 haec
806 1916 902 1944 vetat
920 1923 993 1944 esse
1008 1923 1145 1945 manus.

365 1971 503 2018 Ecquid
520 1978 690 2018 praeterea
704 1971 877 2016 peccarim
887 1997 897 2015 ,
915 1983 1072 2016 quaerere
1087 1971 1181 2006 noli:

375 2080 377 2084 ‚
407 2033 460 2068 Ut
475 2039 592 2078 pateat
607 2032 678 2067 sola
691 2031 792 2078 culpa
807 2032 870 2067 sub
890 2039 963 2067 arte
981 2045 1060 2067 mea
1074 2047 1082 2075 ;
1113 2051 1116 2054 -

143 2129 187 2167 ct
210 2115 344 2185 paulo
365 2116 549 2177 inferius
569 2114 694 2178 Eleg.
720 2129 751 2164 x
764 2136 788 2164 :x

371 2223 465 2259 Naso
481 2234 606 2267 parum
621 2222 777 2266 prudens
790 2222 919 2257 Artem
937 2221 1024 2256 dum
1039 2221 1158 2256 scribit
1172 2221 1335 2265 amandi,

412 2282 593 2319 Doctrinae
607 2281 761 2327 pretium
776 2283 872 2317 triste
888 2283 1053 2329 magis-»ter
1069 2283 1174 2318 habet
1188 2298 1197 2327 3

144 2382 189 2419 et
210 2371 259 2419 in
281 2369 413 2418 tertio
431 2367 489 2415 ad
510 2368 722 2415 Amorem
744 2366 869 2428 Eleg.
896 2379 956 2415 111
977 2387 988 2416 ε

362 2473 438 2508 Nec
454 2471 534 2507 satis
549 2470 617 2506 hoc
632 2469 748 2505 fuerat
760 2483 769 2505 ε
783 2469 909 2506 stultus
925 2483 1064 2517 quoque
1080 2472 1237 2507 carmina
1247 2472 1312 2508 feci
1322 2499 1332 2515 ,

409 2533 556 2568 Artibus
571 2539 610 2567 ut
628 2545 744 2577 posses
766 2544 840 2566 non
856 2531 952 2567 rudis
969 2546 1041 2567 esse
1057 2532 1155 2568 meis.

367 2595 441 2630 Pro
457 2595 582 2640 quibus
598 2594 757 2629 exsilium
769 2593 897 2628 misero
912 2593 1002 2628 mihi
1015 2594 1152 2629 reddita
1167 2607 1322 2640 merces,

411 2655 454 2691 Id
470 2668 610 2701 quoque
625 2655 662 2690 in
679 2654 861 2699 extremis,
878 2661 913 2690 et
927 2654 1000 2689 sine
1016 2667 1098 2700 pace
1112 2654 1204 2690 locis.

150 2735 204 2783 In
217 2733 372 2784 eodem
386 2733 449 2782 sic
464 2734 675 2782 Amorem
688 2733 776 2783 sibi
787 2732 1129 2798 respondentem
1141 2734 1311 2784 inducit
1325 2736 1371 2785 in
1390 2738 1553 2787 somnis
1571 2758 1581 2786 :

310 2821 461 2867 VIII.
1138 2853 1143 2858 -
1313 2825 1342 2867 6
