1794 3100
209 279 293 319 228
642 276 692 317 P.
729 273 965 318 OVIDII
1002 273 1179 317 VITA

209 390 233 411 >›
263 370 372 424 t'um‘,
386 365 532 414 electis
548 366 734 414 consciis
749 403 760 422 ,
779 377 823 413 et
840 365 998 414 comite
1014 385 1104 414 uno
1119 367 1268 414 FABIO
1289 366 1516 425 MAXIMO,
1527 366 1630 415 Pla-¹

210 467 233 487 ιι
261 444 425 492 nasiam
439 455 623 500 vectum,
641 442 695 490 ad
705 442 932 491 visendum
943 443 1203 510 Agrippam,
1218 455 1297 491 etc.
1321 443 1457 507 Quod
1471 444 1630 492 MAXI—

215 543 239 563 >›
267 534 384 569 MUM
403 520 531 568 uxori
546 521 762 567 MARCIAE
777 521 998 586 aperuisse
1015 540 1024 579 3
1049 519 1167 568 illam
1186 520 1338 577 Liviae;
1366 521 1416 569 C.
1434 527 1445 546 ¹
1460 523 1631 570 Navum

211 622 236 642 >›
261 599 307 647 id
333 598 508 647 Caesari.
545 600 701 664 Neque
726 597 869 646 multo
892 610 1020 664 post,
1044 600 1257 647 exstincto
1280 598 1489 647 MAXIMO
1511 599 1631 662 (du-

212 699 235 719 »
260 676 388 724 bium
410 695 464 724 an
489 676 668 741 quaesita
689 675 858 740 morte)
874 675 1049 724 auditos
1068 676 1115 723 in
1131 676 1283 724 funere
1302 676 1394 740 ejus
1413 676 1632 724 MARctAE

210 777 233 798 »
263 755 450 818 gemitus
476 766 613 802 semet
629 753 894 811 incusantis,
912 755 1032 819 quod
1054 773 1185 803 causa
1207 755 1327 802 exitii
1351 754 1508 802 marito
1523 743 1633 802 fuis-

208 854 232 873 »
258 843 335 879 set.
357 853 379 873 »
406 831 605 879 Dubium
628 841 771 878 autem
792 828 902 877 illud
914 830 1056 878 Taciti
1075 829 1205 878 solvit
1229 822 1494 879 Plutarchus
1509 831 1630 897 ²,qui

207 926 342 973 quum
364 907 462 956 istis
486 905 643 955 similia
663 905 936 963 tradidisset,
963 905 1112 954 addit:
1145 929 1167 949 «
1195 907 1452 961 Venientem
1468 906 1629 969 igitur,

210 1007 234 1027 >›
261 984 314 1031 de
337 1002 458 1032 more
474 1021 486 1040 ,
508 1002 634 1030 mane
657 982 860 1030 Fulvium
880 981 894 1007 ³
912 994 956 1030 et
975 981 1152 1030 solitum
1171 982 1283 1032 illud
1300 983 1514 1032 dicentem
1532 1002 1628 1041 ave,

208 1082 234 1103 >›
267 1060 411 1108 Caesar
431 1057 709 1115 resalutavit3
730 1058 828 1105 vale
842 1097 854 1113 ,
877 1058 1026 1123 inquit
1040 1095 1051 1116 ,
1070 1057 1212 1105 Fulvi.
1233 1059 1381 1124 Atque
1405 1057 1478 1107 ille
1500 1057 1548 1106 id
1563 1059 1630 1108 in-

210 1160 233 1180 »
260 1136 484 1200 telligens,
525 1136 704 1183 domum
743 1154 788 1183 se
809 1134 929 1183 illico
951 1135 1190 1194 subduxit,
1224 1148 1267 1183 et
1290 1148 1441 1185 vocata
1466 1157 1630 1187 uxore:

207 1239 230 1260 »
260 1215 478 1272 Rescivit,
514 1214 687 1280 inquit,
717 1215 884 1272 Caesar,
908 1233 997 1262 non
1025 1213 1197 1263 siluisse
1219 1234 1286 1262 me
1321 1234 1503 1274 arcana;
1528 1215 1629 1265 ideo

207 1316 231 1337 »
257 1293 372 1343 mori
394 1292 502 1340 mihi
528 1292 750 1340 decretum
773 1303 861 1348 est,
889 1303 970 1339 etc.
996 1314 1019 1333 »

270 1370 407 1433 Quod
420 1369 518 1417 dein
534 1368 764 1433 subjungit
779 1367 1060 1426 Plutarchus,
1081 1369 1284 1421 Illarciam
1300 1388 1458 1435 nempe
1470 1380 1632 1435 accepto

197 1447 340 1535 glo-dio
368 1446 537 1512 seipsam
563 1464 654 1493 mro
686 1464 819 1493 coram
850 1445 1110 1500 interemisse,
1134 1446 1390 1493 confutatur
1409 1465 1432 1493 a
1449 1447 1605 1494 Tacito
1618 1485 1631 1505 ,

206 1526 283 1592 qui
308 1524 467 1573 diserte
492 1534 710 1581 testatur,
742 1541 836 1570 eam
862 1521 1040 1578 vixisse,
1067 1533 1108 1568 et
1126 1521 1300 1569 auditos
1323 1521 1415 1586 ejus
1440 1522 1628 1584 gemitus

203 1603 250 1650 in
280 1602 431 1651 funere
455 1601 625 1659 mariti,
650 1599 716 1647 uti
736 1600 828 1686 jam
847 1584 1017 1665 pridem
1047 1599 1200 1664 Lipsio
1230 1610 1447 1648 notatum
1485 1600 1630 1648 Taciti

207 1698 311 1727 vero
334 1679 415 1726 hac
446 1676 499 1725 de
530 1696 577 1725 re
610 1676 909 1724 testimonium
943 1675 1124 1724 omnino
1154 1675 1382 1724 confirmat
1413 1668 1602 1725 Ovidius
1620 1715 1632 1735 ,

205 1758 324 1805 Fast.
350 1755 428 1803 lib.
454 1755 519 1801 VI
539 1754 651 1811 fine;
694 1753 815 1819 quod
839 1771 953 1819 opus
978 1753 1122 1801 trihus
1147 1753 1307 1800 abhinc
1334 1753 1458 1801 annis
1480 1754 1631 1803 edidit.

206 1834 378 1882 Ibidem
412 1831 528 1880 enim
563 1831 617 1879 ad
641 1830 846 1878 ultimum
878 1830 1006 1877 Junii
1026 1829 1138 1878 diem
1163 1830 1215 1877 de
1247 1830 1410 1896 templo
1442 1831 1634 1880 Herculis

208 1907 429 1960 illusarum
448 1949 460 1966 ,
491 1908 610 1975 quod
646 1908 835 1956 Marcius
863 1905 1085 1972 Philippus
1114 1904 1131 1935 4
1157 1906 1348 1955 restituit
1363 1945 1375 1965 ,
1400 1926 1556 1970 agens,
1580 1908 1632 1957 de

208 1986 374 2034 Marcia
393 1997 600 2051 tanquam
619 1983 868 2032 adhucdum
887 1981 934 2028 in
952 1982 1060 2029 vivis
1079 1981 1293 2047 loquitur,
1312 2003 1376 2032 vs.
1395 1982 1629 2033 8014808:

563 2107 569 2114 .
584 2109 590 2115 .
607 2107 613 2115 .
634 2082 682 2116 sic
698 2080 776 2115 Clio
794 2080 897 2115 :clari
912 2088 1144 2114 monumenta
1161 2081 1310 2126 Philippi

468 2142 647 2187 Adspicis;
664 2142 759 2176 unde
779 2142 885 2176 trahit
899 2143 1035 2176 Marcia
1049 2149 1139 2176 casta
1157 2154 1276 2187 genus.

360 2215 362 2219 ·
425 2204 562 2237 Marcia
576 2202 732 2237 sacrifico
748 2202 938 2236 deductum
956 2215 1087 2236 nomen
1108 2203 1150 2236 ab
1165 2202 1266 2237 Anco
1282 2214 1294 2244 ‚·

468 2265 511 2299 In
527 2276 593 2308 qua
608 2276 670 2308 par
683 2263 786 2297 facies
803 2262 981 2297 nobilitate
999 2276 1070 2297 sua.

430 2325 501 2359 Par
516 2324 634 2359 animo
650 2337 789 2369 quoque
810 2324 921 2358 forma
938 2336 1001 2358 suo
1016 2323 1204 2368 respondet
1220 2324 1254 2358 in
1275 2323 1332 2358 illa
1350 2338 1359 2365 ;

474 2385 521 2419 Et
537 2398 662 2430 genus,
681 2393 716 2421 et
732 2385 857 2428 facies,
875 2384 1125 2430 ingeniumque
1141 2384 1262 2428 simul,
1279 2391 1344 2419 etc.

258 2478 267 2495 ¹
296 2477 445 2509 Gnarum
462 2475 544 2518 legit
561 2474 703 2519 Lipsius.

257 2538 272 2555 ²
295 2534 369 2569 Lib.
384 2541 450 2583 περὶ
462 2535 654 2579 ἀδολεσχίας.

253 2594 266 2615 ³
289 2595 348 2630 Sic
361 2595 451 2629 male
468 2608 529 2640 pro
547 2597 686 2629 Fabium
701 2608 840 2640 semper
858 2596 974 2630 habet.

253 2656 269 2679 4
291 2655 437 2690 sueton.
454 2655 510 2689 lib.
527 2656 583 2699 11,
603 2669 675 2701 cap.
693 2670 734 2704 29
748 2683 757 2700 ‚
778 2657 818 2691 ad
839 2670 943 2702 quem
961 2656 1038 2690 vide
1057 2655 1234 2690 T'orrentii
1255 2663 1328 2691 ποι.
1347 2657 1406 2690 ubi
1431 2655 1547 2701 plures
1562 2656 1633 2691 lau-

212 2712 342 2746 dantur
364 2712 565 2756 scriptores,
591 2712 713 2756 quibus
729 2712 762 2745 id
781 2713 950 2757 templum
971 2712 1038 2746 fuit
1055 2719 1291 2746 memoratum
1304 2738 1313 2754 ,
1342 2711 1394 2746 uti
1411 2718 1447 2745 et
1463 2711 1600 2746 nummi
1621 2738 1631 2756 ,

212 2767 335 2812 quibus
361 2769 522 2803 Hercules
550 2768 722 2801 Musarum
747 2766 911 2811 signatur.
939 2767 1128 2810 Martialis,
1154 2766 1209 2801 lib.
1233 2768 1283 2810 V,
1303 2767 1419 2812 Epigr.
1439 2769 1502 2810 50,
1530 2766 1630 2801 docet
