1794 3100
604 238 731 282 PER
764 239 806 282 J.
845 238 1149 283 MASSON.
1510 255 1585 282 101

166 333 277 384 lude
300 344 368 382 est
391 332 513 399 quod
533 332 668 381 Trist.
695 332 774 381 lib.
801 334 868 381 Ill
884 371 896 389 ‚
919 331 1041 395 Eleg.
1069 345 1163 390 VII,
1187 332 1320 391 dicit,
1357 346 1402 382 se
1415 331 1594 399 judicem

168 408 407 459 carminum
424 408 581 466 fuisse,
602 428 698 475 quae
729 408 857 457 docta
887 408 1045 457 mulier
1067 404 1265 457 Romana
1282 446 1293 465 ‚
1317 408 1401 456 sub
1423 408 1595 457 Pen'lloe

167 486 346 535 nomine
369 485 507 535 latens
535 493 544 512 ¹
564 525 576 545 ‚
596 487 830 554 scripserat
853 506 932 535 non
948 487 1085 552 patrio
1107 505 1242 542 more,
1267 487 1357 534 hoc
1386 497 1476 543 est,
1500 505 1592 534 non

167 560 303 617 latina
335 561 511 626 lingua,
549 563 625 612 sed
647 582 818 629 groeca,
855 562 1020 631 quippe
1053 563 1179 628 cujus
1216 582 1329 630 opus
1359 563 1449 611 s'ola
1480 572 1596 610 vates

168 638 326 689 Lesbia
355 640 536 708 Sappho
557 640 781 699 vincebat,
807 659 916 689 vers.
949 658 999 687 11
1031 652 1075 689 et
1105 657 1190 688 12:

390 737 450 772 Tu
466 750 606 784 quoque
620 765 630 782 ,
649 738 704 774 dic
715 765 725 781 ,
743 738 864 774 studiis
880 737 1128 773 communibus
1145 736 1268 782 ecquid
1285 736 1451 780 inheres,

429 797 612 844 Doctaque
624 813 691 834 non
700 802 815 844 patrio
828 799 985 834 carmina
999 811 1088 833 more
1101 797 1219 834 canis?

171 875 328 926 deinde
350 896 460 928 vers.
488 897 550 927 20
574 899 584 927 :

385 969 467 1006 Sola
484 977 585 1006 tuum
603 976 699 1006 vates
711 972 836 1006 Lesbia
850 970 966 1006 vincet
981 982 1076 1016 opus.

169 1056 213 1093 et
235 1065 345 1096 vers.
372 1046 434 1094 23
459 1060 504 1097 et
527 1049 588 1109 24
609 1069 618 1097 ε

388 1148 487 1183 Dum
501 1148 618 1194 licuit,
633 1156 694 1184 tua
708 1161 797 1195 saepe
813 1152 912 1191 mihi,
932 1149 995 1185 tihi
1016 1156 1134 1185 nostra
1148 1149 1306 1194 legebam
1320 1161 1326 1182 :

432 1208 533 1254 Saepe
549 1210 734 1254 tuijudn,
752 1222 841 1255 saepe
856 1213 1016 1255 magister
1029 1222 1138 1244 eram.

171 1286 287 1335 Sunt
310 1297 355 1334 et
382 1284 512 1352 plura
540 1285 656 1344 loca,
685 1286 850 1352 quibus
874 1298 1023 1352 patet,
1057 1287 1226 1336 Nasoni
1263 1286 1402 1336 lectos
1437 1286 1599 1336 Home-

170 1385 270 1415 rum
292 1364 490 1432 aliosque
515 1383 680 1428 graecos
704 1365 961 1432 scriptores.
993 1365 1107 1413 Vide
1139 1366 1275 1414 Trist.
1305 1365 1385 1414 lib.
1409 1367 1457 1424 Ι,
1478 1365 1601 1430 Eleg.

172 1457 228 1502 V;
249 1443 327 1492 lib.
360 1444 426 1501 ΙΙ,
449 1462 558 1492 vers.
586 1441 693 1491 363.
727 1443 857 1492 Adde
890 1443 1011 1510 quod
1051 1455 1095 1491 et
1124 1443 1324 1492 Athenas
1354 1443 1601 1493 studiorum

171 1543 299 1573 causa
321 1522 527 1590 petierit3
549 1522 647 1573 vide
664 1522 743 1571 inf.
770 1523 826 1572 ad
849 1542 948 1572 ann.
976 1524 1032 1571 U.
1062 1523 1112 1571 C.
1134 1535 1384 1581 DCCXXVH,
1408 1543 1450 1571 n.
1477 1522 1519 1571 3.

234 1603 316 1649 Ill.
361 1602 578 1650 Caeterum
604 1600 770 1649 nullam
794 1602 913 1668 apud
946 1621 1015 1672 me
1043 1601 1173 1651 fidem
1211 1603 1371 1660 habet,
1397 1604 1515 1670 quod
1552 1604 1598 1652 in

172 1678 323 1727 Ovidii
344 1679 449 1728 Vita
482 1698 534 1728 ex
564 1691 740 1728 vetusto
777 1679 930 1728 codice
966 1673 1206 1748 Pomponii
1237 1681 1348 1729 Laeti
1384 1679 1598 1744 legimus,

170 1769 373 1806 nostrum
408 1776 567 1825 nempe
597 1757 672 1806 sab
707 1756 847 1805 Plotio
888 1757 1049 1824 anpo
1075 1758 1202 1806 literas
1227 1758 1426 1807 eruditum
1445 1797 1456 1815 ‚
1496 1777 1570 1807 seu
1587 1797 1598 1817 ‚

171 1847 308 1902 prout
328 1834 442 1884 alius
465 1836 604 1885 codex
622 1830 1044 1908 Famesianus‘ferm
1071 1855 1170 1884 eum
1191 1836 1343 1885 Roma·
1365 1836 1440 1884 sab
1461 1836 1600 1885 Plotio

177 1911 336 1979 Gn'ppo
358 1913 482 1962 literis
504 1933 667 1981 operam
699 1913 869 1962 dedisse.
908 1912 1082 1962 Plotius
1110 1926 1226 1962 certe
1261 1913 1460 1981 Grippus
1486 1915 1602 1962 inter

175 1990 478 2052 grammaticos
492 1991 626 2057 hujus
639 1991 718 2039 aevi
727 1990 849 2058 apud
864 1991 1127 2040 Suetonium
1141 2029 1152 2049 ‚
1172 1991 1394 2049 Senecam,
1416 1991 1601 2041 aliumve

173 2085 265 2114 non
289 2067 492 2116 occurrit.
518 2067 683 2117 Plotius
705 2067 884 2135 quidem
915 2067 1101 2134 Griphus
1118 2069 1275 2117 Tacito
1309 2067 1443 2117 semel
1471 2080 1603 2134 atque

172 2143 333 2215 iterum
354 2158 641 2205 memoratur,
674 2158 726 2194 ut
748 2146 825 2213 qui
845 2146 900 2194 ab
923 2145 1182 2213 Vespasiano
1206 2147 1248 2193 in
1269 2147 1510 2195 senatorium
1533 2164 1603 2193 or—

171 2221 305 2271 dinem
320 2222 486 2271 additus
499 2261 511 2281 ‚
528 2226 578 2271 ac
592 2223 992 2290 Ieglbniproepositus
1013 2223 1158 2272 fuerat
1175 2229 1191 2248 ²
1206 2261 1218 2280 ‚
1246 2223 1403 2271 deinde
1418 2233 1606 2288 proetura
1664 2235 1670 2239 “

173 2301 364 2350 donatus
386 2300 417 2360 ³,
438 2321 554 2351 anno
570 2301 654 2350 Ch.
666 2315 770 2350 Lxx.
785 2302 954 2350 Statius
970 2322 1149 2371 quoque
1165 2302 1348 2351 Plotium
1374 2302 1575 2366 Grippum
1589 2342 1599 2357 ‚

170 2391 222 2427 ut
243 2378 444 2442 vulgares
469 2378 649 2446 quidem
674 2378 849 2427 codices
877 2378 1043 2427 habent
1068 2379 1084 2410 ⁴
1101 2417 1114 2437 ,
1148 2379 1297 2428 laudat
1328 2377 1369 2435 ⁵,
1397 2390 1603 2444 tanquam

212 2493 223 2511 ¹
246 2491 302 2526 De
319 2504 386 2537 qua
402 2490 559 2527 inferius.

209 2547 225 2567 ²
250 2547 360 2582 Tacit.
377 2547 469 2583 Hist.
486 2547 542 2582 lib.
562 2547 641 2591 111,
662 2560 735 2594 cap.
753 2550 806 2582 52.

211 2603 226 2625 ³
248 2604 349 2640 Idem
366 2605 424 2641 lib.
442 2606 512 2649 IV,
527 2619 600 2652 cap.
618 2606 670 2653 39.

213 2663 231 2689 ⁴=
255 2664 416 2707 Grt’phum
435 2670 557 2700 tamen
573 2677 615 2699 ex
632 2664 756 2700 Tacito
768 2690 778 2707 ,
796 2662 985 2709 legendum
1003 2661 1245 2698 existimabant
1255 2662 1448 2698 Scriverius
1466 2677 1505 2699 ac
1520 2663 1602 2699 Ge-

172 2720 302 2755 vartius
313 2748 321 2761 ,
342 2720 407 2756 nisi
422 2721 498 2766 quis
513 2721 703 2757 arbitretur
713 2747 722 2764 ,
741 2720 905 2756 Tacitum
919 2732 961 2755 ex
978 2718 1089 2755 Statio
1104 2717 1379 2762 emendandum.

218 2777 233 2799 ⁵
257 2777 360 2813 Praef.
380 2777 476 2825 Sylv.
494 2777 551 2816 lib,
570 2777 649 2821 111,
668 2790 774 2813 carm.
790 2790 821 2824 9.
