1794 3100
271 310 358 368 390
611 294 924 354 ΝΟΤΙΤῙΑ
949 307 1339 359 LITERARIA

263 403 309 444 ad
329 403 535 444 viventium
557 411 873 458 'posterorumque
891 419 1001 445 usum
1024 406 1130 446 Pauli
1145 408 1421 450 Marsi‘Piscin.
1440 397 1685 462 poetaeae'i'zo-

263 471 362 510 mani
386 471 535 532 fideliss.
564 471 914 524 interpretationem
939 473 1134 514 Johannes
1162 475 1363 531 Legnanus
1392 476 1684 524 Mediolanensis

263 536 434 576 librarius
449 537 494 575 ab
505 537 682 576 Antonio
696 539 835 578 Zaroto
847 539 1040 580 Parmensi
1056 541 1190 594 opifice
1201 542 1339 582 eximio
1352 557 1483 599 magna
1495 544 1607 598 opera
1620 552 1686 586 sua

265 609 304 641 et
318 602 486 655 impensa
496 603 781 656 imprimendam
798 606 941 644 curavit
953 621 1052 646 anno
1069 607 1195 647 salutis
1210 609 1266 647 M.
1283 608 1352 648 CC
1359 609 1447 649 CC.
1457 601 1686 666 LXXXIII,

265 667 390 708 Nonis
412 669 538 708 Juniis
553 684 561 715 ;
579 677 757 723 regnante
776 670 1026 711 invictissimo
1042 674 1192 712 Joanne
1213 675 1387 715 Galeazio
1407 675 1684 726 'Sphortiavi-

264 735 447 774 cecomite
470 735 562 775 duce
579 736 783 775 Mediolani
804 737 934 776 Sexto.
954 756 973 773 ι»
994 738 1116 779 in-fol.
1130 762 1184 768 -—
1198 740 1392 790 Repetitio
1415 740 1474 780 ed.
1500 742 1657 782 Venetae
1672 771 1684 793 ,

263 814 350 839 ann.
377 799 517 848 1482.;
543 802 662 840 Maitt.
687 817 774 856 pag.
795 801 874 850 445
892 818 901 850 ;
918 804 1059 844 Panzer
1074 833 1085 853 ‚
1116 813 1211 844 tom.
1237 805 1304 855 11,
1333 819 1415 862 pag.
1434 805 1501 860 47.

920 888 1035 948 1484.⁴

314 974 502 1013 Heroides
527 990 612 1013 cum
635 984 838 1015 comment.
864 976 959 1016 Ant.
981 978 1125 1023 Volsci.
1145 979 1299 1033 Sappho
1320 988 1359 1019 et
1382 979 1460 1019 Ibis
1480 993 1564 1020 cum
1574 991 1684 1021 tom-

263 1046 378 1076 ment.
397 1038 561 1077 Domitii
580 1039 783 1079 Calderini.
803 1042 850 1078 ln
867 1040 973 1080 fine:
1006 1042 1172 1082 «Publii
1195 1044 1328 1083 Ovidii
1347 1045 1512 1084 Nasonis
1526 1044 1686 1085 sulmo—

264 1103 414 1151 nensis,
432 1112 558 1154 poetae
582 1106 797 1154 clarissimi,
826 1106 953 1147 liber
941 1122 981 1146 m
1011 1108 1108 1147 lbim
1128 1109 1288 1150 feliciter
1319 1110 1485 1162 explicit.
1515 1111 1686 1163 Impres-

258 1184 345 1208 sum
382 1170 551 1210 Venetiis
566 1187 663 1222 ‚per
698 1173 886 1213 Thomam
909 1174 955 1213 de
978 1174 1233 1224 Alexandria,
1272 1175 1331 1215 die
1351 1186 1480 1215 xxuu
1507 1174 1665 1229 Aprilis
1674 1204 1686 1225 ‚

263 1237 316 1274 M.
343 1236 502 1278 CCCC.
524 1240 744 1288 LXXXIV
766 1249 945 1295 regnante
966 1242 1100 1283 inclito
1117 1243 1213 1282 duce
1232 1243 1407 1283 Johanne
1425 1242 1682 1299 Mozenigo·›

261 1302 390 1341 in—fol.
412 1327 465 1333 —
487 1305 648 1355 Panzer,
670 1313 761 1344 tom.
780 1308 855 1356 IX,
874 1322 958 1362 pag.
988 1307 1076 1362 287.

316 1369 446 1408 Ovidii
468 1370 611 1423 reliqua
625 1385 756 1421 opera,
773 1374 961 1424 (exceptis
978 1374 1059 1413 scil.
1083 1374 1454 1429 Metamorphosibus
1470 1376 1503 1426 ).
1520 1376 1568 1413 In
1581 1374 1655 1414 fine
1668 1389 1682 1412 .-

263 1455 283 1471 «
305 1437 409 1476 Finis
425 1439 595 1477 omnium
611 1438 795 1479 librorum
808 1440 904 1479 Pub.
919 1441 1047 1482 Ovidii
1063 1442 1307 1496 Nasonisqui
1322 1450 1459 1482 extant.
1475 1444 1680 1495 Eosquam

258 1504 531 1543 accuratissime
545 1505 760 1545 emendatos
773 1521 793 1545 a
806 1507 971 1547 Barnaba
984 1508 1146 1549 Celsano
1160 1510 1365 1548 Vicentino
1378 1507 1567 1559 impressit
1580 1509 1681 1547 Her-

259 1583 418 1608 mannus
435 1570 687 1610 Lichtenstein
700 1573 959 1624 Coloniensis‚
973 1589 1031 1613 an.
1048 1576 1176 1615 saluti⁵
1193 1575 1415 1615 M.CCCC.
1427 1573 1680 1622 LXXXIIII,

260 1648 304 1676 XI
335 1637 516 1677 Calendas
552 1639 755 1679 Octobres.
786 1641 1001 1681 Foeliciter.
1025 1660 1045 1677 n
1083 1642 1220 1682 in-fol.
1241 1665 1296 1672 —
1319 1641 1443 1681 Maitt.
1465 1654 1550 1694 pag.
1573 1637 1680 1688 454;

259 1703 419 1752 Panzer,
435 1711 530 1742 tom.
554 1706 641 1755 ΙΙΙ,
663 1720 747 1760 pag.
769 1721 859 1761 209.
892 1707 1011 1747 Conf.
1037 1708 1253 1747 Harlesium
1281 1708 1322 1746 in
1353 1706 1486 1760 Suppl.
1510 1706 1556 1745 ad
1579 1706 1682 1746 brev.

259 1770 356 1809 Not.
379 1769 498 1809 Liter.
533 1772 648 1810 Rom.
680 1773 724 1811 P.
748 1774 795 1819 1,
819 1788 902 1827 pag.
926 1771 1027 1820 452,
1059 1774 1124 1826 qui
1155 1773 1366 1826 suspicatur
1384 1801 1394 1820 ‚
1422 1773 1524 1812 hunc
1545 1771 1682 1812 librum

261 1847 341 1873 esse
377 1842 520 1884 partem
554 1836 706 1875 alteram
739 1836 916 1876 editionis
948 1838 1121 1889 Operum
1147 1838 1360 1878 Vicentinae
1377 1867 1388 1885 ‚
1427 1851 1514 1876 ann.
1541 1835 1644 1885 1480
1667 1864 1679 1885 ‚

259 1908 404 1940 mutato
421 1901 580 1943 tantum
599 1901 735 1942 ultimo
757 1902 960 1942 voluminis
981 1902 1088 1942 folio.

909 2003 925 2027 1
932 1987 1024 2036 485.

312 2074 500 2137 Epistolae
520 2075 736 2115 Heroidum
758 2090 843 2115 cum
859 2084 1063 2114 comment.
1086 2075 1181 2115 Ant.
1201 2076 1333 2116 Volsci
1350 2091 1359 2114 :
1383 2077 1529 2128 Sta-pirus
1547 2084 1586 2116 et
1600 2075 1678 2116 Ibis

259 2149 345 2179 c'um
381 2140 544 2179 Domitii
579 2140 771 2180 Cald'erini
802 2141 1180 2184 commentariis.1n
1208 2131 1311 2180 fine:
1339 2141 1578 2193 «Venefiis,
1611 2156 1678 2193 per

259 2206 465 2257 Baptistam
488 2207 533 2245 de
559 2206 704 2254 Tor-tis,
730 2197 790 2246 die
808 2209 884 2246 le
901 2196 1030 2246 Martii
1049 2209 1105 2247 Μ
1123 2207 1283 2247 CCCC.
1299 2208 1523 2267 LXXXV.
1523 2207 1675 2248 ›in-fol·

259 2271 384 2310 —Pl.
408 2272 561 2319 Brauu,
583 2272 684 2310 Part.
708 2273 774 2319 11,
792 2287 875 2328 pag.
898 2287 998 2319 122·
1015 2274 1177 2320 Panzer,
1192 2281 1291 2312 tom.
1316 2274 1377 2312 111
1397 2301 1409 2321 ‚
1427 2288 1513 2328 pag.
1531 2287 1622 2312 220.

295 2335 669 2388 Epistularumlibri
685 2351 769 2374 cum
786 2343 989 2377 comment.
1006 2337 1102 2377 Ant.
1113 2337 1273 2386 Volsci,
1298 2345 1336 2377 et
1359 2336 1434 2376 Ibis
1458 2351 1544 2375 cum
1564 2350 1675 2375 com-

257 2407 375 2443 ment.
400 2401 603 2442 Calderini.
626 2396 672 2440 In
689 2401 787 2442 fine:
809 2420 828 2436 «ι
851 2403 1046 2453 Impressit
1062 2403 1234 2443 Venetiis
1254 2402 1420 2442 Thomas
1445 2402 1491 2442 de
1510 2401 1676 2441 Alexan-

259 2468 336 2507 dria
353 2499 364 2519 ,
392 2469 453 2508 die
469 2480 496 2508 x
511 2467 619 2507 Junii
638 2469 694 2506 M.
711 2468 869 2508 CCCC.
893 2470 1091 2520 LXXXV,
1099 2477 1286 2523 *regnante
1307 2468 1402 2508 duce
1421 2470 1569 2507 Joanne
1583 2468 1673 2506 Mo-

260 2526 408 2588 cenigo.
430 2551 450 2569 ³³
478 2532 604 2572 in-fol.
619 2556 674 2563 —
700 2534 822 2572 Maitt.
846 2548 932 2589 pag.
957 2533 1054 2581 [4633
1077 2535 1240 2584 Panzer,
1258 2542 1351 2573 tom.
1372 2535 1458 2584 111,
1475 2546 1558 2588 pag.
1583 2546 1628 2570 21
1638 2546 1674 2586 7.

309 2602 510 2639 Fastorum
533 2599 619 2639 libri
647 2608 732 2638 cum
762 2606 964 2640 comment.
987 2600 1093 2639 Pauli
1116 2599 1233 2639 Mar-si
1259 2598 1468 2639 Piscinatis.
1494 2600 1549 2637 In·
1568 2598 1669 2637 fine:

263 2683 283 2701 α
306 2665 514 2718 Religiosae
530 2666 739 2707 Litterariae
756 2666 950 2706 Sodalitati
967 2666 1131 2706 viminali
1150 2674 1189 2704 et
1207 2665 1391 2705 universae
1405 2663 1598 2704 academiae
1618 2663 1671 2703 la-

255 2733 346 2772 tinae
357 2732 403 2771 ad
416 2732 624 2772 viventium
633 2741 949 2786 posterorumque
964 2748 1074 2772 usum
1086 2742 1172 2783 pau.
1187 2732 1295 2771 marsi
1306 2731 1418 2770 Pisci.
1430 2744 1515 2780 poe.
1526 2729 1670 2769 romani

254 2798 406 2838 fideliss.
429 2799 527 2838 Fast.
547 2797 896 2850 interpretationem
927 2797 1122 2839 Antonius
1152 2797 1367 2841 Bactibovis
1393 2795 1669 2840 Alexandrinus
