1794 3100
240 185 343 262 168‘
668 220 719 260 Ρ.
766 218 998 279 OVIDII
1034 218 1210 262 VITA
1257 255 1261 259 ,

233 321 376 358 tremos
396 310 544 376 populi
565 310 748 358 Romani
773 310 920 358 bellum
942 310 1107 376 gerebat
1122 349 1134 366 ,
1172 321 1356 358 testatur
1379 311 1639 377 Cenotaphii

231 386 381 434 Pisani
404 385 573 450 tabula,
594 405 723 452 quam
740 386 1105 435 eminentissimus
1120 386 1311 435 Norist‘us
1327 386 1491 449 insigni
1507 406 1639 454 opere

231 461 478 510 illustravit.
507 461 622 509 Hinc
644 480 745 509 vero
771 481 905 528 quum
929 473 1042 510 recte
1067 461 1343 509 doctissimus
1361 461 1426 508 vir
1443 498 1454 517 ,
1475 473 1517 509 et
1537 474 1642 528 post

231 557 326 586 eum
363 539 523 602 Pagius
537 577 548 597 ,
581 539 836 597 deduceret,
872 539 1024 588 Caium
1050 540 1097 587 in
1130 538 1360 588 consulatu
1381 576 1393 596 ‚
1435 551 1639 605 superato

231 615 456 680 Euphrate
477 653 488 673 ‚
513 615 619 681 (qui
637 615 801 681 Syriam
818 653 829 672 ‚
844 615 1031 663 Romani
1050 614 1171 662 orbis
1189 614 1452 680 provinciam
1468 651 1479 671 ‚
1495 632 1521 661 a
1541 615 1641 662 Me—

233 693 488 758 sopotamia,
501 693 763 741 Parthorum
780 693 935 740 ditioni
950 693 1156 757 subjecta,
1176 691 1525 756 disterminabat)
1539 692 1642 739 bar-

230 770 440 817 barorum
459 769 681 832 regionem
701 769 907 817 invasisse
923 808 935 828 ‚
959 784 1162 836 armaque
1178 770 1225 817 in
1247 769 1398 817 hostili
1419 764 1532 816 terra
1558 768 1642 816 cir-

233 847 511 904 cumtulisse;
536 847 596 894 ita
621 859 663 895 et
685 847 840 895 exinde
863 867 954 895 non
976 847 1123 896 minus
1144 859 1260 896 recte
1284 846 1474 894 Nasonis
1497 845 1642 893 locum

233 943 285 971 ex
308 923 425 971 libro
444 923 730 972 Remedz'orum
749 913 920 971 Amoris
939 923 1250 988 interpretatus
1267 934 1333 971 est
1351 928 1361 947 ¹
1380 921 1433 968 de
1450 922 1531 969 hac
1552 920 1649 969 Caii

234 1000 415 1048 Caesaris
439 1001 485 1047 in
508 999 753 1048 Parthicam
775 1000 984 1047 ditionem
1006 999 1264 1064 irruptione.
1301 998 1476 1046 Etenim
1508 1017 1645 1064 quum

233 1080 397 1127 Noster
414 1078 620 1136 dixisset,
638 1078 694 1125 ab
710 1079 870 1126 Amore
885 1077 987 1125 odio
1002 1077 1154 1124 haberi
1166 1077 1366 1125 homines
1384 1088 1644 1143 occupatos,

234 1154 405 1202 otiosos
422 1172 524 1202 vero
544 1153 682 1201 eidem
698 1165 898 1219 acceptos
914 1171 1026 1208 esse,
1048 1152 1303 1217 subjungit,
1322 1171 1383 1200 vs.
1412 1170 1428 1199 1
1439 1151 1465 1198 5
1477 1169 1546 1198 1-1
1557 1150 1645 1202 58:

454 1258 546 1292 Sunt
564 1258 641 1291 fora
653 1283 662 1300 ‚
684 1264 766 1292 sunt
779 1257 889 1302 leges,
907 1264 1006 1300 sunt,
1025 1269 1111 1302 quos
1126 1257 1253 1292 tuearis
1265 1284 1274 1300 ,
1293 1257 1390 1292 amici
1405 1270 1412 1291 :

495 1317 592 1351 Vade
610 1330 671 1362 per
688 1317 829 1351 urbanae
844 1317 988 1351 candida
1005 1324 1112 1351 castra
1128 1323 1227 1361 togae.
1252 1353 1265 1358 -

454 1379 524 1413 Vel
543 1386 577 1412 tu
597 1382 775 1423 sanguinei
788 1378 950 1422 juvenilia
967 1391 1112 1412 munera
1129 1379 1251 1412 Martis

499 1439 639 1482 Suscipe
654 1452 662 1479 ;
680 1437 809 1473 deliciae
825 1438 895 1482 jam
913 1437 971 1472 tibi
989 1444 1084 1482 terga
1099 1437 1241 1472 dabunt.

454 1498 665 1543 Eccesugax
680 1500 843 1538 Parthus,
861 1498 978 1543 magni
994 1511 1082 1532 nova
1099 1511 1198 1533 causa
1215 1498 1380 1543 triumphi
1395 1526 1405 1542 ‚

498 1561 580 1594 Jam
597 1559 689 1594 videt
705 1560 741 1594 in
757 1563 883 1603 campis
899 1561 1041 1594 Coesaris
1056 1569 1164 1594 ARMA
1180 1563 1262 1594 smlr.

456 1620 567 1655 Vince
585 1620 797 1666 Cupidineas
811 1620 940 1665 pariter
952 1647 961 1664 ,
978 1622 1190 1665 Parthasque
1205 1621 1341 1666 sagittas
1355 1647 1364 1664 ‚

498 1681 544 1715 Et
558 1681 653 1715 refer
669 1680 712 1715 ad
728 1681 854 1725 patrios
871 1680 952 1715 bina
970 1688 1100 1726 tropaea
1112 1681 1216 1716 Deos.

238 1776 350 1837 Quae
367 1773 529 1839 pariter
545 1772 715 1838 liquido
730 1772 946 1838 probant,
968 1774 1085 1821 hunc
1100 1773 1384 1822 Remediomm
1400 1775 1572 1822 Amorzk
1592 1774 1647 1821 li·-

235 1852 365 1898 brum
380 1851 571 1898 fervente
584 1849 701 1898 bello
720 1849 915 1898 Parthico
933 1851 1142 1915 scriptum
1160 1867 1250 1897 esse
1264 1885 1275 1905 ‚
1293 1861 1336 1896 et
1351 1850 1525 1914 quidem
1542 1850 1649 1899 dum

238 1927 371 1976 Caius
397 1916 539 1974 Caesar
563 1926 606 1974 in
631 1927 893 1974 Parthorum
917 1927 1080 1992 campis
1113 1945 1210 1973 cum
1234 1925 1421 1974 exercitu
1446 1926 1644 1989 degebat.

237 2006 389 2067 Quum
407 2022 507 2050 vero
531 2023 581 2051 ex
600 2003 708 2051 serie
723 2022 868 2051 rerum
886 2022 910 2050 a
925 2003 1030 2050 Caio
1048 2016 1150 2069 post
1168 2022 1297 2051 suum
1311 2004 1365 2051 ab
1381 2003 1491 2051 urbe
1505 2006 1646 2052 Roma

238 2081 475 2128 discessum
494 2080 538 2126 in
557 2081 711 2128 itinere
734 2092 951 2142 gestarum
973 2086 989 2104 ²
1009 2092 1182 2146 pateat,
1205 2100 1303 2128 eum
1319 2082 1559 2146 principem
1576 2082 1647 2129 vix

237 2168 337 2204 ante
360 2156 477 2203 hunc
502 2175 684 2212 annum,
716 2155 762 2202 in
786 2175 874 2221 quo
895 2175 1134 2214 versamur,
1160 2156 1354 2222 potuisse
1379 2157 1646 2223 Euphratem

239 2255 337 2283 cum
363 2234 503 2300 copiis
527 2233 734 2289 transire,
767 2245 898 2298 atque
922 2253 1068 2282 revera
1089 2253 1187 2282 eum
1206 2246 1324 2283 trans
1347 2234 1542 2282 eumdem
1563 2235 1648 2283 flu-

240 2311 356 2357 vium
381 2310 466 2357 hoc
488 2309 586 2374 ipso
608 2327 721 2370 anno
744 2307 878 2356 fuisse
893 2346 903 2366 ‚
929 2321 979 2356 ut.
998 2310 1167 2358 Tabula
1190 2310 1345 2358 Pisana
1369 2309 1522 2368 docet3
1545 2310 1648 2357 hinc

240 2387 357 2434 haud
392 2385 576 2433 invalide
608 2384 810 2447 colligere
846 2385 972 2443 licet,
1008 2386 1082 2434 illa
1113 2386 1321 2444 carmina,
1344 2387 1651 2453 integrumque

242 2463 405 2510 librum
420 2464 506 2510 hoc
525 2462 698 2510 labente
719 2481 832 2510 anno
849 2463 894 2510 in
913 2463 1051 2512 lucem
1074 2463 1259 2521 venisse;
1285 2462 1402 2528 quod
1423 2463 1650 2511 confirma-

286 2593 295 2610 ¹
321 2590 375 2623 De
395 2589 520 2625 Cenot.
539 2592 652 2625 Pisan.
666 2604 739 2636 pag.
759 2592 821 2634 248
832 2617 841 2634 ,
858 2591 935 2626 vide
951 2599 984 2626 et
1001 2591 1083 2626 Jani
1099 2591 1214 2636 templ.
1233 2592 1350 2626 Reser.
1365 2605 1438 2637 pag.
1454 2593 1526 2638 347.
1549 2621 1551 2623 μ

283 2651 297 2668 ²
322 2649 401 2683 Vid.
418 2649 533 2685 Noris.
547 2649 589 2684 de
611 2650 736 2686 Cenot.
755 2651 867 2685 Pisan.
884 2665 958 2698 pag.
978 2653 1060 2695 248,
1082 2659 1116 2686 et
1139 2651 1220 2686 Jani
1238 2651 1354 2698 templ.
1375 2653 1456 2687 Res.
1475 2651 1565 2687 Sect.
1585 2663 1623 2689 lv
1637 2679 1650 2696 ,

239 2715 311 2748 cap.
329 2708 347 2740 5
366 2713 400 2740 et
417 2706 448 2739 6.
