1794 3100
227 228 307 270 166
647 231 696 271 P.
741 230 977 274 OVIDII
1015 231 1189 275 VITA

218 322 339 388 pium
363 321 591 380 scriberet,
616 323 699 371 hoc
725 336 810 381 est,
828 323 968 372 idaeam
985 322 1166 388 integris
1185 336 1290 391 post⁴
1306 325 1466 374 editam
1480 327 1632 376 Artem

224 399 349 446 annis
370 435 381 455 ‚
420 398 574 455 merito
608 399 739 458 dicit,
782 419 827 449 se
851 396 941 466 jam
965 401 1123 467 pridem
1157 402 1242 450 hoc
1277 403 1440 469 scripto
1481 415 1630 469 pecca-

223 474 334 535 visse
348 512 359 530 ,
383 487 427 522 et
446 494 533 523 sera
551 475 806 524 mulctatum
831 477 1012 525 vindicta
1020 497 1037 533 ;
1057 497 1141 543 qua
1162 479 1380 563 potuisset
1402 480 1634 542 Augustus

222 568 319 597 eum
337 548 476 597 multo
497 551 625 598 citius
640 562 813 609 notare,
839 551 971 610 dum,
991 553 1083 618 jure
1106 553 1176 602 sui
1195 573 1366 602 morum
1387 554 1630 617 regiminis,

224 628 420 693 equitum
446 640 630 677 turmas
643 643 987 691 recognosceret.
1006 631 1085 679 Ad
1114 632 1225 680 hanc
1257 632 1371 680 enim
1402 632 1632 698 recognitio-

220 725 335 762 nem,
362 725 458 754 non
478 726 579 756 vero
607 708 660 756 ad
685 707 920 762 solemnem
948 708 1143 775 equitum
1171 711 1492 759 transvectionem
1518 729 1633 776 quo-

222 786 368 833 tannis
391 785 539 833 Idibus
567 785 734 834 .Ῑιιίιί’31
763 798 1005 852 peractam,
1031 787 1103 835 hic
1131 788 1309 854 respicit
1330 789 1542 846 Ovidius,
1560 789 1635 837 uti

223 844 457 920 clarissime
483 862 632 921 docet,
656 862 759 911 dum
785 863 845 911 ait
859 900 878 926 ,Α
906 882 950 912 se
968 863 1192 912 multoties
1217 883 1314 912 cum
1339 884 1453 931 equo
1474 863 1632 931 preite-

224 941 334 990 rt'zkse
369 960 514 989 coram
545 942 750 1004 Augusto
782 941 928 997 dsslicta
962 952 1122 990 notante
1140 982 1150 997 ‚
1193 943 1269 1008 qui
1299 944 1511 991 Nostrum
1537 941 1640 1009 equo

228 1037 320 1065 non
344 1018 644 1074 mulctaverit,
669 1017 741 1065 sed
776 1017 867 1066 sine
890 1029 994 1066 nota
1015 1031 1060 1067 et
1081 1019 1243 1067 mulcta
1264 1033 1387 1078 eunt,
1409 1020 1504 1087 jure
1528 1020 1638 1068 adeo

226 1095 425 1160 quietum,
470 1094 689 1160 praeterire
720 1095 832 1142 sivit.
872 1096 975 1143 Haec
1006 1096 1170 1145 scilicet
1193 1100 1282 1146 erat
1308 1099 1528 1165 equitum,
1562 1098 1639 1164 qui

229 1171 433 1233 gravibus
459 1171 630 1222 delictis
652 1190 697 1220 se
715 1190 854 1237 poenae
876 1173 1093 1224 obnoxios
1125 1175 1313 1224 fecerant
1330 1213 1342 1234 ‚
1364 1176 1525 1224 mulcta
1540 1213 1552 1233 ‚
1590 1187 1640 1223 ut

228 1269 368 1314 equus
382 1287 394 1307 ‚
417 1250 491 1315 qui
506 1248 594 1297 illis
609 1249 786 1315 publice
800 1251 1104 1314 assignabatur
1120 1273 1166 1301 ac
1180 1253 1361 1319 publico
1384 1266 1529 1302 sumtu
1551 1253 1636 1302 ale-

223 1327 376 1384 batur,
401 1347 422 1375 a
439 1328 662 1376 censoribus
678 1327 956 1386 adimeretur,
982 1349 1116 1395 quum
1136 1330 1320 1393 singulis
1339 1330 1490 1379 lustris
1514 1329 1637 1396 equi-

225 1416 289 1453 tes
313 1405 366 1452 ad
395 1423 571 1452 examen
594 1424 871 1454 censuramve
891 1407 1164 1454 revocabant.

292 1482 349 1528 ll.
390 1480 619 1542 Augustus
647 1493 789 1529 autem
820 1500 1023 1530 censuram
1055 1482 1231 1548 quidem
1256 1493 1490 1548 perpetuam
1523 1500 1640 1529 auno

228 1559 283 1604 U.
321 1557 370 1604 C.
409 1569 633 1605 DCCXXXII
658 1558 848 1623 recipere
882 1557 1085 1605 noluerat
1110 1564 1153 1615 2;
1179 1569 1332 1623 postea
1367 1569 1533 1614 tamen,
1566 1575 1637 1604 an.

228 1645 463 1690 DCCXXXV,
483 1634 703 1681 decretum
725 1645 810 1691 est,
833 1656 854 1675 «
874 1645 924 1680 ut
940 1633 1145 1696 magister
1165 1652 1335 1681 morum
1353 1651 1432 1698 per
1445 1633 1640 1698 quinque

234 1733 256 1754 >›
286 1729 423 1758 annos
445 1723 581 1769 esset,
604 1723 951 1777 potestatemque
984 1710 1219 1758 censoriam
1249 1703 1332 1776 per·
1354 1710 1399 1757 id
1431 1709 1642 1775 temporis

235 1810 257 1829 »
286 1787 469 1835 haberet
492 1785 521 1833 ³.
548 1808 570 1827 »
601 1787 752 1849 Quum
774 1805 875 1833 vero
906 1786 1018 1834 illud
1049 1806 1200 1834 morum
1234 1789 1438 1853 legumque
1470 1786 1640 1854 regzinen

230 1876 485 1913 renovatum
508 1883 557 1911 ac
581 1864 883 1911 continuatum
899 1883 1038 1930 usque
1057 1863 1112 1912 ad
1129 1861 1320 1925 Augusti
1342 1874 1525 1910 mortem
1543 1863 1640 1909 fue-

231 1943 288 1988 rit
313 1939 328 1970 4
345 1978 356 1997 ‚
381 1941 480 1988 inde
505 1952 570 1987 est
599 1940 719 2006 quod
742 1939 978 1987 Suetonius
1006 1938 1020 1965 ⁵
1049 1940 1228 1997 scribit,
1251 1940 1502 2002 Augustum
1525 1956 1640 1986 rece-

233 2018 350 2083 pisse
366 2032 519 2065 morum
537 2019 742 2084 legumque
754 2008 921 2082 regimen
936 2027 1185 2082 perpetuum.
1216 2038 1237 2058 «
1260 2017 1366 2079 Quo
1387 2017 1481 2081 jure
1495 2053 1506 2073 ,
1530 2015 1640 2063 sub-

236 2118 258 2137 »
285 2095 431 2160 jungit
445 2131 456 2151 ‚
483 2113 731 2160 quanquam
753 2094 845 2142 sine
868 2112 1057 2141 censurae
1071 2092 1245 2140 «honore
1261 2129 1272 2149 ‚
1302 2110 1478 2140 censum
1498 2102 1640 2140 tamen

274 2212 283 2229 ¹
309 2208 403 2243 Vide
424 2209 532 2244 Tacit.
553 2208 679 2243 Annal.
695 2208 750 2243 lib.
767 2209 823 2251 II,
847 2221 919 2253 cap.
936 2210 976 2243 33
989 2234 998 2251 ,
1013 2221 1092 2243 cum
1109 2208 1213 2253 Lipsii
1233 2207 1324 2242 notis
1336 2233 1346 2251 ‚
1361 2221 1404 2242 ac
1423 2183 1525 2251 liujus
1549 2206 1605 2240 lib.
1621 2207 1637 2240 1

232 2265 273 2300 de
291 2265 394 2299 Milit.
407 2266 510 2300 Rom.
525 2265 615 2298 Dial.
631 2276 665 2298 v.
679 2264 796 2299 Semel
814 2264 982 2299 nimirum
994 2265 1178 2310 quotannis
1195 2264 1252 2298 illo
1268 2265 1324 2309 die
1343 2264 1446 2298 fiebat
1458 2290 1468 2307 ‚
1485 2264 1535 2297 uti
1548 2269 1640 2307 patet

231 2335 271 2355 ex
290 2320 407 2361 Livio;
434 2321 514 2364 (lib.
539 2321 601 2355 lx.
619 2323 633 2365 )
658 2335 675 2351 «
694 2321 749 2355 Ab
766 2321 890 2355 eodem
906 2347 915 2364 ,
939 2321 984 2355 ait
1014 2321 1088 2365 (Q.
1111 2319 1218 2354 Fabio
1234 2318 1427 2364 censore),
1443 2318 1639 2353 institutum

233 2391 250 2405 »
267 2376 411 2419 dicitur,
430 2383 468 2410 ut
482 2375 614 2420 equites
626 2375 744 2411 Idibus
762 2376 976 2420 Quintilibus
993 2376 1309 2410 transveherentur.
1325 2389 1341 2404 »
1353 2374 1459 2418 quue
1476 2386 1494 2407 a
1510 2373 1642 2418 templo

229 2431 351 2464 Martis
367 2437 460 2464 extra
477 2438 612 2475 portam
631 2430 809 2474 Capenam
823 2456 832 2473 ‚
853 2429 894 2464 ad
906 2430 1074 2478 templum
1094 2432 1244 2464 Castoris
1260 2428 1295 2462 in
1315 2429 1404 2462 Foro
1417 2453 1426 2471 ,
1442 2441 1482 2461 ex
1492 2426 1637 2473 Dionys.

229 2485 339 2521 Hanc.
358 2486 413 2520 lib.
435 2488 484 2520 VI
506 2499 517 2520 :⁴
530 2487 599 2520 vid.
618 2489 743 2520 Donat.
761 2487 804 2520 de
823 2486 921 2520 Urbe
937 2487 1041 2521 Rom.
1055 2485 1112 2520 lib.
1126 2486 1180 2521 ΙΙΙ
1195 2512 1203 2530 ,
1219 2497 1290 2529 cap.
1316 2486 1365 2519 13.

273 2549 287 2566 ²
310 2546 398 2589 Dio,
421 2547 476 2581 lib.
497 2548 592 2590 LIV,
608 2560 681 2593 pag.
701 2549 774 2582 521.

272 2607 285 2626 3
307 2607 377 2641 Dio
391 2634 400 2650 ,
417 2607 474 2641 lib.
487 2608 587 2651 LIV,
607 2621 681 2653 pag.
701 2611 773 2654 527.

274 2668 288 2691 4
310 2667 400 2711 Dio,
419 2667 476 2701 lib.
495 2668 590 2711 LIV,
606 2681 680 2713 pag.
701 2670 776 2711 542.

220 2766 225 2770 .
276 2727 289 2749 ⁵
312 2728 352 2762 In
374 2729 460 2772 Aug.
482 2740 553 2772 cap.
573 2742 622 2773 27.
