1794 3100
228 255 316 311 244
666 256 717 298 P.
752 255 991 299 0V1n11
1031 255 1208 300 VITA

231 372 255 393 >1
286 369 336 398 ex
361 368 435 398 ore
460 348 639 412 Georgii
659 348 963 416 Trapezuntii,
991 350 1251 398 Tomitanos
1272 348 1452 414 Scythas
1476 347 1639 397 ovidio

230 451 255 472 »
282 440 422 496 poetae
446 429 533 477 vita
557 428 785 487 defuncto,
813 427 967 477 collata
988 447 1010 476 e
1030 427 1212 495 publico
1231 427 1439 495 pecunia,
1458 439 1642 494 propter

234 528 258 550 >›
285 506 451 568 ingenii
485 505 764 554 nobilitatem
799 506 978 573 tymbon
1009 505 1235 570 magnifice
1268 504 1474 554 struxisse
1493 542 1505 561 ‚
1542 516 1642 554 ante

229 607 255 628 >›
284 584 436 651 oppidi
457 596 650 650 portam,
667 584 715 632 in
735 583 833 632 loco
852 584 1034 633 maxime
1051 583 1211 632 celebri
1232 603 1242 631 z
1266 582 1462 649 quamvis
1478 581 1550 630 ille.
1565 619 1577 640 ‚
1597 593 1643 631 et

232 682 259 705 »
283 662 542 728 peregrinus
560 674 694 719 esset,
713 673 758 710 et
776 662 830 709 ab
849 662 1053 725 Augusto
1069 661 1236 709 Caesare
1250 659 1539 727 proscriptus.
1551 660 1642 709 Ve-

231 761 256 782 »
284 758 383 787 rum
396 739 508 786 hanc
523 739 752 805 utriusque
768 739 1060 804 conjecturam
1075 738 1365 787 recentiorum
1381 736 1645 805 experientia

232 839 259 860 »
288 816 544 865 emendavit.
568 817 733 864 Scribit
752 815 865 865 enim
885 816 1055 882 Gaspar
1071 815 1336 873 Bruschius,
1358 833 1474 863 anno
1501 813 1643 871 1508,

232 917 257 938 »
287 895 436 944 Ovidii
451 894 754 962 sepulchrum,
778 894 1019 960 lapideum,
1034 904 1315 949 cameratum,
1334 892 1647 958 epitaphioque

233 995 257 1016 »
285 985 512 1031 ornatum,
536 973 582 1019 in
605 971 773 1037 oppido
798 970 977 1018 Sabaria
992 1007 1004 1027 ‚
1028 969 1168 1035 patria
1193 969 1296 1015 Divi
1325 968 1508 1016 Martini
1532 967 1646 1034 epis-

232 1073 258 1094 »
284 1051 405 1117 copi,
428 1069 520 1099 esse
543 1050 784 1097 inventum.
803 1049 857 1096 Id
880 1046 1094 1114 oppidum
1112 1047 1157 1093 in
1181 1046 1406 1095 Pannonia
1424 1047 1648 1113 superiore

234 1151 259 1172 »
284 1127 551 1177 Ptolemaeus
574 1127 725 1193 ponit,
753 1126 874 1190 cujus
897 1124 1097 1173 meminit
1111 1123 1308 1182 Plinius,
1328 1122 1582 1172 Antoninus
1600 1123 1648 1171 in

233 1227 258 1248 »
286 1204 537 1261 Itinerario,
555 1203 814 1251 Ammianus
840 1214 884 1250 et
905 1201 991 1250 alii.
1016 1224 1039 1244 »

299 1282 498 1331 Ortelius
519 1300 620 1330 vero
639 1319 650 1339 ,
682 1292 734 1329 ut
750 1281 836 1328 hoe
858 1281 1097 1327 inseramus
1113 1315 1124 1336 ,
1152 1277 1205 1325 de
1219 1277 1402 1326 Sabaria
1427 1277 1646 1326 scribens:

237 1379 259 1400 «
290 1357 469 1406 Sabaria
480 1394 491 1415 ,
511 1356 658 1422 inquit
673 1357 803 1404 Lazio
820 1362 830 1380 ¹
849 1393 861 1414 ,
874 1355 1063 1403 Austriae
1079 1353 1289 1419 oppidum
1301 1364 1366 1400 est
1380 1352 1434 1401 ad
1447 1353 1647 1416 Angrum

238 1458 263 1479 >›
290 1435 471 1484 fluvium
491 1435 670 1482 nomine
692 1433 823 1481 Stain.
857 1432 1026 1498 Gaspar
1045 1431 1289 1480 Bruschius
1312 1431 1418 1478 dicit
1438 1430 1511 1479 hic
1534 1450 1648 1479 anno

237 1534 262 1555 »
289 1523 458 1560 MDVIH
484 1508 764 1576 sepulchrum
791 1510 962 1557 OVIDII
986 1510 1194 1557 NASONIS
1222 1508 1445 1556 inventum
1467 1544 1479 1564 ,
1513 1517 1650 1555 testu-

237 1612 262 1633 »
290 1589 390 1638 dine
410 1587 688 1651 magnificum
704 1624 716 1644 ,
741 1598 785 1634 et
804 1587 890 1634 hoc
914 1584 1136 1652 epitaphio
1162 1595 1392 1633 ornatum:

497 1675 634 1710 FA‘rum
653 1683 910 1709 nscessmxrm
927 1683 1006 1707 LEX.

453 1740 523 1775 Hic
538 1740 622 1774 situs
636 1746 687 1774 est
702 1746 795 1774 vates
807 1765 817 1783 ‚
836 1751 941 1784 quem
962 1738 1033 1774 divi
1052 1738 1196 1774 Caesaris
1212 1738 1262 1773 ira

501 1796 651 1842 Augusti
670 1796 779 1842 patria
795 1796 918 1831 cedere
933 1796 1032 1841 jussit
1046 1796 1165 1830 humo.

457 1852 555 1897 Saepe
575 1852 681 1887 miser
697 1852 805 1887 voluit
821 1852 938 1898 patriis
954 1852 1158 1887 occumbere
1178 1851 1278 1886 terris
1290 1878 1299 1895 ‚

503 1908 739 1951 Sed⁴f1·ustra;
758 1908 852 1943 hunc
869 1907 917 1943 illi
931 1908 1002 1942 fata
1020 1907 1148 1942 dedere
1165 1898 1291 1941 locum.

240 1984 324 2038 At,
348 2001 403 2030 ne
421 1982 474 2030 de
492 1982 651 2030 horum
669 1983 908 2031 carminum
925 1982 1137 2044 elegantia
1156 1982 1448 2048 disputemus,
1472 1984 1543 2031 vix
1561 2002 1652 2032 cre-

244 2058 378 2106 dibile
398 2058 593 2116 videtur,
619 2059 828 2107 Ovidium
852 2058 1061 2115 Sabarioe,
1097 2078 1192 2124 quae
1213 2059 1298 2106 fuit
1318 2079 1342 2107 a
1358 2059 1510 2107 Tomis
1533 2059 1652 2107 haud

243 2158 397 2205 parum
419 2138 568 2186 dissita
594 2139 728 2196 urbs,
755 2137 1035 2203 sepulchrum
1060 2137 1290 2195 habuisse,
1310 2138 1493 2186 maxime
1518 2156 1652 2203 quum

244 2215 540 2280 Hieronymus
567 2214 726 2262 diserte
745 2215 929 2272 scribat,
956 2232 1052 2262 eum
1069 2214 1191 2278 juxta
1213 2213 1402 2278 oppidum
1423 2214 1574 2261 Tomos
1592 2231 1654 2260 sc-

239 2294 401 2359 pultum
419 2292 566 2340 fuisse.
593 2293 683 2341 Nec
705 2292 752 2339 id
771 2290 1003 2339 verisimile
1026 2290 1158 2338 efficit
1180 2291 1298 2356 quod
1316 2290 1532 2338 Zamosius
1550 2290 1657 2339 sub-

245 2369 393 2435 jungit
419 2390 428 2417 1
466 2391 489 2410 «
519 2369 662 2417 Credo
686 2380 830 2416 autem
854 2387 950 2416 eum
976 2368 1246 2433 (Ovidium)
1265 2386 1352 2414 non
1378 2385 1468 2414 uno
1487 2367 1532 2414 in
1555 2367 1656 2416 loco

251 2469 276 2488 »
304 2445 551 2494 constitisse
566 2483 577 2503 ,
602 2444 676 2493 sed
700 2446 745 2492 in
770 2445 1017 2492 Pannonias
1043 2445 1304 2511 quandoque
1330 2444 1555 2492 divertisse
1573 2482 1584 2501 ,
1608 2456 1659 2492 ut

253 2545 276 2565 »
304 2523 478 2570 taedium
497 2522 746 2571 solitudinis
764 2522 946 2580 levaret,
967 2523 1196 2570 doctorum
1213 2522 1405 2569 virorum
1419 2522 1655 2578 consortio,

252 2622 276 2641 »
305 2600 381 2664 qui
410 2599 554 2646 isthuc
594 2619 645 2648 ex
678 2599 803 2647 Italia
830 2599 1080 2666 frequentes
1109 2598 1423 2656 adventabant,
1447 2598 1526 2646 ubi
1559 2617 1655 2646 eum

191 2716 196 2719 ,
254 2699 275 2718 ι)
304 2676 477 2724 tandem
501 2695 620 2724 mors
646 2677 864 2741 insperata
891 2676 1168 2741 oppresserit.
1199 2698 1220 2718 υ
1254 2675 1509 2724 Absurdum
1540 2675 1655 2723 enim

293 2778 305 2796 ¹
333 2774 532 2812 Commeat.
549 2775 647 2820 Reip.
667 2776 770 2809 Rom.
786 2775 840 2809 lib.
857 2775 943 2818 XII,
962 2788 1033 2819 cap.
1051 2789 1078 2808 2.
