1794 3100
208 219 213 221 ⁴
271 261 348 307 172
692 245 743 287 P.
789 243 1020 289 ov1D11
1063 244 1233 288 v1TA

261 338 374 396 yerit
397 355 511 385 anno
544 348 579 384 II
614 335 794 403 Olymp.
835 349 1009 394 CLXXX,
1034 356 1111 390 seu
1131 337 1321 389 Abrahae
1344 345 1676 396 MDCCCCLVHI,

262 414 339 479 qui
361 412 607 478 Septembri
626 431 692 460 an.
717 415 770 459 U.
794 412 844 460 C.
867 424 1044 460 DCXCIV
1066 412 1165 459 iniit
1183 433 1192 469 ;
1212 424 1342 478 atque
1362 412 1461 461 loco
1476 413 1601 479 prius
1619 412 1675 460 ei-

263 501 353 537 tato
384 489 519 545 dicat,
544 487 777 537 Messalam
792 508 897 536 anno
917 489 1046 537 aetatis
1069 502 1202 538 LXXII
1229 490 1317 537 vita
1336 489 1674 538 functumesse:

262 566 366 613 hinc
389 566 588 631 sequitur
602 603 613 622 ‚
631 585 793 614 annum
810 566 978 614 huncce
997 579 1127 615 LXXII
1147 566 1345 615 Messalae
1365 565 1675 621 novissimum,

266 643 304 691 si
343 643 398 690 ab
428 662 540 691 anno
579 645 637 690 U.
673 644 722 691 C.
756 655 932 691 DCXCIV
958 655 1222 709 supputetur
1241 681 1253 701 ,
1286 643 1332 690 in
1355 662 1518 691 annum
1540 644 1598 690 U.
1622 642 1673 690 C.

264 734 472 770 DCCLXVI
494 721 695 769 incidere.
1408 772 1409 775 Ἴ

330 798 412 845 ΙΙΙ.
430 798 526 845 Hos
542 817 641 846 vero
660 797 915 863 Hieronymi
934 796 1123 845 calculos
1149 796 1314 862 optime
1333 797 1516 844 revincit
1539 794 1683 844 Ovidii

267 872 391 921 locus
415 873 548 921 modo
569 873 771 922 laudatus
790 894 799 931 ;
824 873 1040 939 siquidem
1062 873 1264 939 deinceps
1287 873 1600 942 probabimus,
1622 872 1680 920 il-

265 949 357 998 lum
388 951 578 1016 priorem
615 942 778 999 librum
815 949 1113 1017 Epistularum
1152 969 1204 997 ex
1238 951 1385 1002 Ponto
1423 950 1681 1016 scriptarum

265 1027 384 1074 haud
406 1039 504 1075 ante
530 1027 715 1076 hiemem
742 1027 948 1076 Ovidiani
982 1026 1122 1075 exsilii
1156 1036 1338 1092 quartam
1359 1065 1370 1082 ,
1403 1045 1517 1074 anno
1545 1027 1603 1074 U.
1628 1026 1679 1074 C.

268 1116 456 1152 DCCLXV
476 1116 659 1152 exeunte
678 1104 975 1171 incipientem,
991 1104 1037 1151 in
1051 1122 1177 1152 auras
1189 1103 1417 1169 prodiisse.
1442 1103 1561 1151 Idem
1579 1122 1685 1169 quo-

271 1200 359 1248 que
384 1201 505 1230 error
533 1182 743 1244 retegitur
772 1201 820 1229 ex
851 1181 928 1229 lib.
954 1183 1022 1237 Il,
1054 1182 1141 1246 Ep.
1176 1192 1238 1236 II,
1261 1180 1339 1227 ubi
1367 1199 1502 1245 quum
1526 1179 1685 1227 trium-

268 1259 407 1326 phum
430 1261 592 1307 Noster
608 1296 618 1316 ‚
641 1278 664 1307 a
681 1258 860 1306 Tiberio
878 1259 931 1305 de
944 1257 1158 1306 Dalmatis
1180 1257 1503 1323 Pannoniisque
1515 1275 1567 1305 eo
1584 1257 1683 1323 ipso

267 1357 385 1386 anno
412 1338 590 1386 ductum
606 1375 618 1395 ‚
643 1348 955 1393 memorasset,
986 1335 1134 1391 addit,
1170 1335 1367 1383 eumdem
1399 1334 1682 1384 Messalinum

269 1412 511 1479 adloquens
529 1451 540 1469 ‚
564 1431 674 1460 vers.
701 1430 763 1478 99
787 1423 831 1460 et
857 1429 945 1459 100
966 1431 976 1459 :

489 1527 568 1560 Hoc
578 1532 676 1570 paler
688 1525 743 1561 ille
761 1533 840 1561 tuus
852 1553 861 1570 ,
878 1527 992 1572 primo
1009 1526 1094 1561 mihi
1110 1526 1221 1561 cultus
1236 1527 1278 1561 ab
1297 1539 1369 1561 aevo
1381 1552 1391 1569 ,

536 1586 574 1620 Si
588 1586 669 1631 quid
686 1586 790 1621 habet
807 1599 926 1621 sensus
940 1589 1055 1621 umbra
1067 1589 1208 1628 diserta,
1227 1587 1323 1632 petit.

273 1682 434 1747 quibus
469 1692 589 1747 patet
602 1719 613 1738 ‚
648 1681 873 1729 Messalam
906 1681 1030 1730 illum
1063 1693 1279 1731 oratorem
1312 1681 1521 1730 disertum
1537 1718 1549 1739 ‚
1572 1681 1685 1729 nihil

273 1770 366 1806 tum
390 1758 475 1806 nisi
497 1759 677 1806 umbram
708 1759 853 1808 fuisse.

341 1838 417 1883 IV.
447 1836 579 1884 Hisce
601 1836 759 1884 addere
780 1835 903 1893 lieet,
928 1855 1023 1901 quae
1042 1837 1128 1900 jam
1152 1835 1256 1883 olim
1289 1842 1298 1860 ¹
1327 1836 1469 1884 obiter
1493 1853 1544 1883 ex
1568 1836 1690 1884 Cice-

275 1932 383 1961 rone
401 1913 726 1961 observavimus
738 1950 749 1970 ,
771 1925 820 1960 ut
838 1913 1124 1979 probaremus
1138 1950 1149 1969 ‚
1169 1912 1393 1960 Messalam
1411 1924 1512 1960 ante
1527 1931 1692 1962 annum

277 1990 331 2037 ab
352 1989 621 2055 Hieronymo
642 1989 861 2051 signatum
882 1988 1023 2037 lucem
1042 1988 1216 2036 vidisse.
1236 1988 1416 2052 vEtenim
1432 1988 1470 2036 si
1486 1987 1558 2037 ille
1577 2008 1692 2037 anno

275 2067 464 2114 Abrahae
480 2078 787 2115 Moccchvm
801 2104 812 2124 ‚
837 2066 938 2132 (qui
958 2066 1012 2113 ab
1033 2076 1245 2128 autumno
1261 2084 1332 2113 an.
1357 2067 1412 2112 U.
1442 2066 1492 2114 C.
1519 2077 1693 2115 ncxclv

279 2143 412 2209 coepit
426 2143 447 2208 )
462 2180 473 2202 ‚
490 2154 619 2191 natus
633 2143 810 2200 fuisset,
827 2155 919 2191 tum
933 2142 1017 2190 hoc
1034 2154 1289 2208 sequeretur
1302 2142 1556 2199 absurdum,
1569 2143 1693 2190 Mes-

280 2220 413 2269 salam
435 2239 590 2286 nempe
606 2231 706 2268 ante
726 2232 893 2269 aetatem
913 2231 1025 2282 togae
1041 2219 1155 2268 virili
1173 2239 1224 2268 eo
1239 2238 1329 2268 aevo
1349 2230 1495 2285 aptam
1512 2204 1692 2284 petiisse

277 2299 468 2349 Athenas
482 2338 491 2354 ,
517 2318 606 2365 quo
625 2318 710 2347 una
729 2317 828 2346 cum
848 2299 1054 2347 Cicerone
1073 2298 1164 2347 filio
1184 2297 1432 2346 studiorum
1451 2315 1579 2345 causa
1591 2315 1694 2362 pro-

283 2376 424 2425 fectus
447 2389 514 2425 est
532 2395 647 2424 anno
671 2378 727 2424 U.
756 2377 805 2424 C.
833 2388 977 2424 DCCIX
996 2413 1008 2432 ‚
1035 2388 1079 2424 et
1101 2375 1216 2424 unde
1239 2374 1368 2422 rediit
1392 2392 1508 2422 anno
1533 2374 1696 2422 subse-

284 2466 465 2520 quente,
493 2474 640 2504 mense
658 2456 685 2503 J
689 2455 819 2511 unio,
842 2455 908 2502 uti
924 2453 1067 2521 palam
1084 2453 1136 2501 fit
1155 2471 1205 2501 ex
1223 2452 1301 2500 lib.
1318 2453 1430 2510 XII,
1451 2453 1537 2518 Ep.
1561 2464 1697 2503 XXXI,

281 2531 333 2578 ad
358 2531 494 2579 Attic.
516 2551 564 2580 ac
588 2531 663 2579 lib.
689 2533 790 2589 XV,
815 2533 899 2598 Ep.
926 2544 1043 2580 XVII.
1065 2531 1188 2595 Quin
1207 2529 1334 2578 etiam
1353 2542 1437 2578 XVI
1460 2528 1610 2586 modo,
1629 2526 1698 2575 vel

282 2624 498 2654 summum
515 2621 616 2656 XVII
630 2608 767 2656 aetatis
781 2627 943 2655 annum
958 2607 1140 2669 egisset,
1163 2624 1295 2672 quum
1315 2624 1384 2653 an.
1407 2606 1463 2653 U.
1483 2605 1532 2653 C.
1548 2615 1637 2652 DCC
1645 2615 1696 2652 XI

324 2740 334 2758 ¹
359 2737 439 2772 Jani
460 2738 576 2783 templ.
595 2739 713 2773 Reser.
727 2751 801 2784 pag.
817 2741 868 2774 53.
