1794 3100
563 243 690 287 PER
723 244 766 286 J.
802 240 1103 286 MASSON.
1462 242 1541 298 145

116 341 238 390 dium
273 339 320 387 in
362 338 461 386 foro
480 355 729 404 -nunquam
771 355 923 384 causas
960 335 1018 383 ad
1053 333 1375 383 causidicorum
1406 336 1545 386 instar

114 417 256 481 egisse
270 454 282 475 ‚
308 416 387 465 sed
407 415 524 464 inter
547 414 844 464 centumviros
867 413 1033 462 ibidem
1060 413 1107 460 in
1138 410 1360 461 subselliis
1383 413 1546 463 sedisse

72 563 75 565 ι
114 515 196 545 ceu
211 496 416 561 judicem,
433 514 482 544 ac
497 496 811 545 advocatorum
823 494 1045 542 orationes
1058 492 1287 550 audivisse,
1306 506 1546 559 causasque

111 575 352 643 judicasse,
379 576 500 642 quod
519 587 587 624 est
597 574 734 623 sedere
750 575 791 622 in
809 573 980 641 aliquem
994 612 1005 629 ,
1030 574 1123 629 vel,
1141 583 1191 620 ut
1208 574 1372 621 Noster
1388 572 1541 630 habet,

113 653 156 701 in
176 653 349 721 alicujus
368 652 497 701 verba
517 652 664 701 sedere.

182 730 455 779 Centumviri
492 742 638 778 autem
674 728 751 796 qui
784 728 974 786 fuerint,
1016 728 1167 795 paucis
1201 726 1332 776 docet
1359 728 1517 775 Festus
1536 746 1548 774 :

119 829 143 851 «
171 806 537 865 Centumviralia,
558 807 731 873 inquit,
755 805 917 871 judicia
942 826 964 854 a
988 805 1269 854 centumviris
1292 804 1407 853 dicta
1431 815 1547 852 sunt.

118 906 143 928 »
170 886 283 935 Nam
311 904 455 952 quum.
474 897 620 934 essent
643 887 797 933 Romae
821 883 1001 947 triginta
1025 884 1222 951 quinque
1247 883 1392 931 tribus
1407 920 1418 940 ,
1454 902 1549 949 quae

120 985 144 1006 »
171 961 216 1011 et
229 963 361 1012 curiae
380 976 485 1012 sunt
502 964 648 1020 dictae,
666 963 780 1011 terni
799 982 849 1010 ex
869 960 1055 1024 singulis
1076 960 1287 1009 tribubus
1303 973 1408 1008 sunt
1426 960 1552 1008 electi

122 1064 145 1084 »
172 1040 228 1089 ad
247 1041 560 1107 judicandum,
589 1041 667 1107 qui
693 1039 952 1089 centumviri
978 1038 1185 1106 appellati
1210 1050 1327 1087 sunt.
1364 1041 1428 1087 Et
1450 1038 1555 1087 licet

123 1141 147 1162 »
176 1119 374 1186 quinque
396 1118 587 1185 amplius
612 1138 744 1184 quam
767 1129 943 1166 centum
959 1118 1150 1174 fuerint,
1172 1129 1315 1165 tamen
1339 1136 1429 1183 quo
1448 1117 1555 1165 faci-

121 1220 146 1242 »
173 1197 259 1247 lius
279 1197 631 1255 nominarentur,
654 1196 910 1245 centumviri
932 1209 1036 1245 sunt
1055 1196 1174 1244 dicti.
1202 1219 1224 1238 »
1249 1196 1415 1244 Caetera
1430 1233 1442 1253 ‚
1460 1215 1557 1262 quae

119 1277 175 1326 ad
201 1295 354 1326 eorum
376 1275 540 1342 judicia
564 1287 787 1342 spectant,
810 1274 961 1343 plures
986 1276 1073 1340 jam
1096 1275 1214 1324 docti
1244 1275 1325 1323 viri
1355 1282 1365 1299 ¹
1396 1287 1557 1324 tracta—

120 1368 253 1414 runt,
270 1375 384 1422 quos
409 1353 641 1404 consulere
669 1366 748 1403 est.
778 1353 1007 1402 Addemus
1040 1366 1232 1412 tantum,
1257 1366 1309 1402 ut
1336 1355 1558 1421 posterior

121 1433 273 1483 Ovidii
290 1432 416 1482 locus
434 1431 703 1488 illustretur,
724 1431 1018 1479 centumviros
1037 1449 1129 1478 non
1143 1430 1278 1479 fuisse
1294 1433 1556 1498 perpetuos,

119 1529 201 1560 nec
222 1530 398 1578 semper
419 1510 596 1560 eosdem
619 1508 859 1576 quotannis
882 1508 929 1556 in
954 1507 1344 1556 centumviralibus
1368 1508 1556 1566 sedisse;

121 1589 199 1638 sed
221 1609 275 1638 ex
295 1588 494 1655 judicum
522 1588 711 1637 decuriis
734 1607 758 1636 a
782 1599 970 1655 praetore
993 1586 1132 1635 lectos
1162 1587 1208 1634 in
1233 1606 1361 1636 suum
1393 1606 1558 1635 annum

121 1685 214 1716 esse
225 1703 237 1724 ,
263 1677 314 1714 ut
325 1685 415 1714 una
430 1684 530 1714 cum
545 1684 598 1714 eo
619 1683 779 1713 causas*
793 1663 1131 1712 centumvirales
1147 1663 1410 1712 deciderent.
1428 1664 1559 1712 Unde

119 1744 410 1809 intelligitur,
438 1764 571 1812 quare
594 1745 714 1793 Naso
740 1743 923 1800 dixerit,
949 1742 1136 1791 sedissem
1142 1743 1352 1807 forsitan,
1377 1755 1458 1791 etc.

186 1825 268 1872 Ill.
298 1823 544 1889 Subjungit
563 1841 701 1889 porro
722 1823 888 1870 Noster
910 1821 1063 1869 eodem
1084 1820 1183 1870 loco
1198 1860 1209 1877 ,
1234 1822 1369 1869 Trist.
1391 1821 1470 1869 lib.
1485 1823 1527 1869 II
1546 1860 1557 1879 ,

120 1920 230 1951 vers.
252 1901 315 1968 95
336 1921 347 1950 ε

342 2003 414 2036 Res
431 2014 570 2047 quoque
583 2005 739 2046 pn'vatas
756 2000 860 2036 statui
875 2000 949 2035 sine
965 2000 1112 2036 crimine
1127 2008 1247 2035 JUDEX
1263 2002 1298 2044 ²,

382 2062 509 2108 Deque
525 2076 603 2098 mea
617 2062 706 2098 fassa
723 2069 776 2098 est
794 2075 872 2108 pars
887 2074 1025 2107 quoque
1042 2062 1129 2096 victa
1150 2061 1231 2095 fide.

121 2158 375 2209 Absurdam
403 2158 537 2224 hujus
569 2157 655 2206 loci
683 2157 1089 2225 interpretationem
1123 2175 1148 2204 a
1184 2156 1414 2205 nonnullis
1449 2177 1554 2205 con-

119 2237 266 2286 fictam
291 2236 396 2285 satis
417 2236 689 2286 revincemus
706 2274 718 2295 ,
737 2236 873 2285 modo
890 2236 1123 2284 rectiorem
1146 2235 1435 2303 proferamus.
1461 2234 1555 2283 Sci-

167 2373 178 2391 ¹
202 2369 285 2406 Gul.
306 2369 479 2413 Budaeus,
508 2369 591 2403 Not.
613 2368 719 2414 prior.
738 2367 780 2402 ad
798 2368 910 2403 Pand.
935 2381 1010 2415 pag.
1034 2371 1118 2412 242,
1149 2370 1233 2412 2453
1257 2368 1343 2403 Ant.
1368 2368 1554 2413 Augustin.

122 2428 165 2462 de
185 2426 302 2473 Legib.
319 2426 384 2472 leg.
403 2424 569 2466 AEbutia;
589 2423 671 2459 Car.
687 2424 873 2469 Sigonius,
898 2423 941 2458 de
963 2423 1130 2467 Judiciis‚
1154 2424 1211 2458 lib.
1236 2424 1361 2467 I,cap.
1381 2439 1443 2466 223
1468 2425 1553 2460 Sic-

120 2495 218 2517 cama
235 2508 244 2526 ,
267 2481 310 2516 de
331 2479 552 2515 Centumvir.
576 2478 738 2521 Judicio‚
763 2478 819 2513 lib.
837 2478 875 2522 I,
898 2492 971 2523 cap.
992 2479 1029 2522 6,
1060 2479 1121 2521 13;
1150 2479 1273 2513 Franc.
1292 2478 1487 2514 Hotoman.
1507 2480 1549 2514 de

122 2536 353 2584 Magistratib.
372 2537 477 2571 Rom.
500 2535 556 2571 lib.
578 2536 596 2570 I
609 2561 618 2578 ,
645 2541 708 2569 etc.

163 2601 179 2620 ²
203 2599 290 2633 Haec
315 2598 392 2632 Pet.
415 2598 525 2644 Bayle
548 2597 595 2631 sic
627 2595 808 2640 intelligit,
839 2602 877 2629 ut
904 2603 1064 2639 censeat,
1086 2596 1257 2631 Ovidium
1282 2596 1488 2641 quibusdam
1514 2599 1548 2632 in

120 2654 206 2690 litib.
226 2656 385 2688 arbitrum
410 2665 480 2687 esse
507 2652 637 2687 sactum
652 2679 661 2696 ,
679 2658 743 2686 etc.
771 2653 907 2685 Verum
920 2652 1034 2696 judex
1056 2652 1096 2686 ab
1114 2655 1239 2687 arbitro
1260 2653 1392 2688 differt.
1415 2654 1475 2688 Ille
1499 2662 1550 2689 est

121 2712 181 2758 qui
196 2724 215 2745 a
233 2708 436 2756 praetoribus
453 2708 556 2744 datur
569 2722 576 2744 :
589 2712 715 2743 arbiter
726 2706 786 2753 qui
802 2720 819 2741 a
837 2707 1049 2752 litigantibus
1063 2708 1203 2753 eligitur
1228 2722 1235 2742 :
1261 2709 1332 2744 vid.
1356 2710 1479 2744 Senec.
1506 2710 1549 2744 de

121 2765 246 2802 Benef.
265 2765 322 2799 tib.
343 2765 422 2807 111,
438 2776 510 2809 cap.
535 2778 551 2808 7
568 2778 575 2805 ;
591 2763 683 2798 Plin.
702 2763 765 2807 Ep.
784 2763 849 2805 303
874 2762 931 2797 lib.
945 2764 1017 2798 Vll
1031 2789 1041 2807 ,
1058 2762 1172 2798 Cicer.
1191 2763 1291 2799 Orat.
1310 2777 1373 2809 pro
1391 2765 1526 2799 Roscia

279 2831 428 2877 VIII.
1221 2847 1270 2875 10
