1794 3100
225 214 313 270 304
660 212 1192 258 DEDICATIONES

227 307 350 357 ducti
365 345 377 367 ‚
402 307 447 355 in
472 327 593 356 suam
617 306 661 354 id
684 306 875 370 linguam
901 318 1215 356 converterent.
1249 305 1334 353 Sed
1358 304 1477 354 illius
1499 304 1647 354 laudes

228 383 460 452 prosequi,
482 383 615 449 hujus
640 384 830 432 instituti
852 404 943 432 non
961 395 1026 432 est
1030 420 1155 431 .....
1180 383 1329 450 Atque
1353 392 1475 429 tanto
1490 381 1648 447 jucun-

230 461 398 510 diorem
434 460 516 508 tibi
546 460 738 508 futuram
767 462 916 528 putavi
951 461 1112 509 horum
1141 459 1355 508 librorum
1387 458 1647 517 lectionem,

230 552 393 607 quanto
418 538 501 587 tibi
525 558 601 588 eos
623 558 715 587 non
739 539 870 587 modo
895 540 1106 588 orationis
1130 538 1322 605 copiam,
1346 549 1390 585 et
1414 538 1652 586 verborum

227 637 275 665 ac
301 615 614 665 sententiarum
636 615 802 664 lumina‘
818 654 830 672 ‚
850 628 895 665 et
910 617 1165 683 adparatum
1184 635 1281 664 vere
1302 615 1541 663 oratorium
1560 613 1652 681 prae

228 693 323 742 aliis
344 692 644 742 commendare
661 712 788 759 posse
806 694 1124 760 perspiciebam
1146 713 1154 740 ε
1178 693 1253 741 sed
1273 693 1400 741 etiam
1421 710 1650 754 argumen-

230 783 345 825 tum,
372 770 515 836 quod,
541 781 698 835 praeter
722 769 914 819 liberalis
937 771 1143 818 doct1i11ae
1167 771 1336 835 copiam
1359 769 1649 823 uberrimam,

230 849 467 897 chronicon
494 848 713 914 quoddam
731 849 1065 927 complectitur,
1089 849 1178 896 sive
1194 847 1389 896 historiae
1403 847 1654 906 οἰκουμονικῖς

230 937 359 992 atque
377 947 440 979 της
461 924 621 972 καθόλου
643 924 793 985 συιοψιν
798 962 913 972 .....

346 1132 813 1190 RAPHAELIS
854 1134 1093 1190 REGII
1138 1131 1553 1191 PRAEFATIO
1604 1192 1606 1195 ,

615 1266 691 1301 AD
725 1267 1287 1303 METAMORPHOSES.

326 1417 359 1426 ..
373 1416 382 1425 .
410 1379 506 1426 SED
526 1378 631 1444 quid
651 1378 703 1426 de
724 1379 1072 1445 Metamorphosi
1089 1378 1254 1427 multa?
1276 1377 1509 1444 Exemplar
1525 1377 1656 1434 mihi,

239 1467 289 1504 ut
310 1454 441 1503 semel
467 1455 606 1503 dicam
621 1493 633 1512 ‚
662 1455 798 1504 totius
813 1455 1014 1504 humanae
1032 1467 1076 1504 et
1098 1456 1237 1505 civilis
1253 1456 1349 1504 vitae
1368 1474 1460 1503 esse
1474 1454 1656 1502 videtur.

239 1533 363 1593 Adeo
387 1532 540 1598 plane,
564 1532 672 1580 adeo
696 1534 892 1599 copiose,
917 1553 1200 1600 quaecumque
1221 1553 1310 1581 non
1335 1533 1551 1582 eruditum
1571 1551 1661 1580 mo-

241 1610 322 1668 do,
348 1628 495 1657 verum
521 1609 692 1657 dicendi
716 1629 890 1676 quoque
913 1622 957 1658 et
979 1611 1134 1673 agendi
1156 1610 1345 1677 peritum
1367 1609 1534 1658 efficere
1555 1628 1662 1676 pos-

241 1699 364 1744 sunt,
390 1705 414 1733 a
438 1686 750 1735 facundissimo
766 1700 894 1753 poeta
912 1687 1196 1755 explicantur.
1213 1690 1306 1736 Nee
1321 1687 1478 1752 injuria
1497 1685 1662 1745 Graeci,

243 1762 440 1828 quamvis
458 1781 504 1810 se
527 1763 733 1811 omnibus
749 1757 849 1812 aliis
861 1763 1116 1812 nationibus
1137 1762 1391 1830 disciplinas
1411 1762 1661 1818 tradidisse,

240 1859 292 1887 ac
312 1838 484 1903 nullius*
514 1840 599 1906 ipsi
624 1840 787 1889 auxilio
810 1860 990 1907 prorsus
1012 1841 1205 1905 indigere
1230 1840 1365 1889 videri
1390 1838 1553 1896 velint,
1576 1839 1662 1886 hoc

243 1930 384 1965 tamen
401 1936 514 1982 opus
527 1954 540 1971 ,
553 1928 738 1983 propter
749 1918 975 1966 maximam
989 1937 1133 1968 rerum
1150 1917 1330 1979 cognitu
1345 1916 1664 1983 pulcherrima-

244 2014 340 2042 rum
359 1995 550 2061 cop'iam‚
573 2014 595 2043 e
612 2007 762 2043 nostra
784 1995 930 2058 lingua
945 1995 990 2042 in
1009 2013 1129 2042 suam
1150 1994 1431 2043 omnistudio
1451 1993 1662 2059 interpre-

243 2071 424 2119 tandum
440 2072 782 2138 vertendumque
798 2083 1005 2120 curarunt
1017 2080 1031 2126 “;
1046 2083 1096 2119 ut
1114 2085 1326 2138 perquam
1342 2071 1587 2119 mirandum
1606 2068 1664 2118 sit

243 2149 452 2211 hactenus
476 2148 522 2195 in
546 2160 666 2195 tanta
689 2149 956 2214 scriptorum
982 2149 1111 2197 turba
1138 2149 1245 2197 citra
1267 2148 1398 2197 ullam
1424 2159 1665 2197 accuratam

245 2226 562 2293 expositionem
580 2225 697 2291 apud
720 2238 895 2274 nostros
918 2226 979 2274 ita
997 2226 1177 2291 jacuisse
1193 2264 1204 2283 ‚
1228 2239 1278 2274 ut
1295 2246 1319 2274 a
1340 2225 1491 2293 paucis
1513 2224 1664 2272 admo-

249 2305 353 2352 dum
375 2303 671 2371 perlegeretur
686 2344 695 2361 ,
721 2323 854 2369 quum
878 2304 1116 2370 praesertim
1136 2316 1179 2351 et
1198 2304 1354 2352 variam
1375 2302 1594 2369 plerisque
1616 2301 1664 2363 in

246 2380 356 2429 locis
389 2393 595 2447 exposcat
624 2379 942 2438 eruditionem⁷
976 2393 1019 2428 et
1045 2381 1090 2428 in
1125 2380 1278 2446 primis
1311 2378 1666 2427 adolescentibus

248 2457 520 2505 laudatarum
544 2458 703 2505 artium
727 2457 873 2505 studio
892 2458 1120 2506 destinatis
1136 2459 1193 2507 sit
1210 2458 1547 2525 praelegendum.
1563 2459 1665 2505 Non

249 2533 391 2582 solum
424 2524 537 2581 enim
573 2547 737 2582 veteres
771 2534 996 2594 historiae,
1029 2555 1124 2602 quae
1155 2547 1340 2602 propter
1362 2536 1664 2601 antiquitatem

247 2610 495 2659 fabularum
518 2611 614 2659 loco
634 2612 879 2667 habentul‚
908 2631 955 2660 ex
974 2612 1277 2661 vetustissimis
1295 2613 1549 2662 auctoribus
1571 2610 1664 2659 col-

176 2738 180 2742 ,
248 2686 391 2745 lectae,
432 2687 649 2750 eleganter
679 2689 732 2736 ab
758 2689 920 2738 ovidio
944 2690 1276 2748 describuntur,
1308 2690 1384 2738 sed
1406 2691 1465 2737 ita
1490 2701 1532 2738 et
1557 2707 1663 2752 geo-
