1794 3100
750 205 916 249 IBIS.
1492 206 1547 247 23

112 304 263 370 thue
285 311 543 350 necatorum
566 299 702 348 Darei
726 298 882 347 fraude
907 297 1114 355 secundi,

177 381 251 430 Sic
275 393 351 430 tua
374 379 609 430 subsidens
633 378 814 427 devoret
838 397 917 427 ora
937 377 1047 425 cinis
1066 397 1075 425 :

113 459 232 517 Aut,
253 470 307 508 ut
324 439 522 508 olivifera
547 457 777 525 quondam
801 455 994 523 Sicyone
1019 456 1174 519 fugato
1190 493 1202 513 ,

175 535 247 584 Sit
267 535 408 599 frigus
421 531 590 584 ‘mortis
617 553 748 583 causa
769 532 996 601 famesque
1020 544 1106 581 tuae
1124 552 1134 580 :

1487 545 1555 579 320

111 613 232 671 Aut,
256 623 309 661 ut
330 612 579 670 Atarnites,
603 611 782 660 insutus
802 610 920 677 pelle
940 609 1115 676 juvenci

175 689 390 756 Turpiter
410 690 467 739 ad
487 689 719 738 dominum
743 688 892 756 praeda
913 686 1053 736 ferare
1079 698 1206 735 tuum
1225 706 1234 734 :

113 768 254 835 Inque
280 779 359 816 tuo
381 767 575 818 thalamo
597 768 688 817 ritu
711 766 914 834 jugulere
938 766 1109 815 Pheraei
1129 803 1141 822 ‚

178 845 274 909 Qui
295 845 423 894 datus
446 857 514 894 est
534 844 623 894 leto
645 845 850 911 conjugis
877 863 978 893 ense
1004 862 1094 892 suae
1115 863 1126 891 ε

114 922 334 988 Quosque
355 933 490 989 putas
510 921 624 970 fidos
639 959 652 980 ‚
675 934 728 970 ut
749 920 989 971 Larissaeus
1012 920 1180 969 Alebas
1195 957 1208 977 ‚

1489 931 1557 967 325

179 1000 377 1050 Vulnere
399 1020 492 1050 non
509 1000 627 1050 fidos
645 1002 868 1069 experiare
891 1013 994 1049 tuo:

116 1081 266 1146 thue
290 1078 463 1138 Milon,
490 1079 575 1128 sub
602 1098 694 1146 quo
712 1079 908 1129 cruciata
931 1091 999 1127 est
1022 1078 1125 1127 Pisa
1151 1089 1343 1145 tyranno
1364 1115 1376 1134 ‚

122 1181 124 1183 ·
182 1158 323 1207 Vivus
343 1159 391 1206 in
417 1157 612 1207 occultas
632 1158 923 1225 praecipiteris
945 1176 1110 1225 aquas:

117 1278 186 1313 que
198 1266 402 1311 metina,
419 1267 501 1312 quia
514 1267 625 1304 {laute
643 1274 805 1302 tantum-

116 1319 226 1355 modo
238 1316 372 1355 Austro
382 1319 425 1355 fit
437 1320 494 1354 illa
509 1332 699 1355 arenarum
714 1327 805 1354 tem-

117 1380 230 1420 pestas
243 1400 254 1418 ,
271 1381 313 1409 ut
331 1379 454 1409 auctor
471 1380 524 1410 est
540 1373 748 1409 Herodotus
768 1381 804 1411 et

118 1427 291 1463 Arrianus
306 1428 344 1463 in
361 1428 479 1463 tertio.

162 1482 239 1527 317.
259 1483 368 1528 thue
391 1489 584 1518 necatorum
606 1483 726 1517 Darei.
747 1481 804 1517 De

117 1533 223 1570 Ocho
230 1533 337 1581 aliqui
347 1533 482 1571 dictum
496 1535 622 1570 volunt
635 1561 644 1578 ,
661 1534 722 1580 qui
734 1534 805 1568 Da·

117 1599 199 1622 reus
209 1594 261 1623 est
271 1587 384 1624 dictus
395 1601 404 1631 ;
417 1588 517 1634 cujus
531 1588 715 1624 historiam
726 1587 805 1622 val.

118 1640 214 1675 Max.
234 1639 294 1675 lib.
314 1641 370 1676 IX
383 1667 392 1685 ,
413 1653 488 1687 cap.
511 1655 549 1685 2,
571 1640 616 1676 de
642 1639 805 1676 crudeli—

119 1699 189 1728 tate
203 1706 212 1735 ς
226 1692 293 1728 vol.
307 1693 344 1743 Π
355 1719 365 1736 ,
382 1706 458 1739 pag.
474 1696 533 1729 151
547 1720 557 1737 ‚
573 1700 683 1729 nostr.
698 1692 783 1728 edit.
798 1736 801 1739 K

162 1747 239 1783 318.
249 1747 306 1782 Sic
315 1753 376 1782 tua
385 1750 594 1783 succendens
604 1750 736 1783 devoret
744 1761 806 1782 ora

118 1803 216 1836 cinit.
232 1800 425 1849 'Sub-ridens
451 1800 610 1846 plerique
641 1806 778 1835 veteres
795 1826 805 1843 ,

117 1852 281 1888 nonnulli
292 1852 400 1888 etiam
414 1865 496 1888 ossa
509 1864 521 1895 ;
542 1852 592 1888 sic
607 1854 758 1888 considit
771 1857 807 1887 in

119 1908 214 1950 ignes
222 1901 323 1940 Ilium
331 1904 482 1952 Virgilio
494 1932 504 1949 ,
518 1904 662 1940 AEneid.
675 1904 732 1939 lib.
744 1905 782 1940 II
794 1931 804 1949 ‚

122 1956 262 2001 *sk-⁸4,
274 1957 448 1993 etNostro
459 1957 608 1992 Metam.
624 1958 739 2001 XIII,
757 1971 806 1992 vs.

126 2010 192 2053 408
211 2021 221 2045 z
246 2021 265 2041 ιι
282 2010 374 2046 ffion
399 2011 545 2047 ardebat
559 2039 568 2056 ,
594 2024 662 2047 nec
693 2011 807 2047 adhuc

125 2061 331 2098 consederat
342 2062 444 2109 ignis.
458 2078 477 2094 »ι
494 2064 632 2100 Hzms.

170 2116 247 2164 319.
255 2116 340 2160 Aut,
350 2125 390 2152 ut
398 2119 562 2163 olivifera.
574 2118 721 2154 Neocles
734 2118 809 2163 (vel

126 2167 308 2212 Nicocles)
326 2169 500 2215 Thumna,
509 2183 551 2206 ex
562 2170 714 2219 Sicyone
728 2171 810 2216 pul—

124 2233 200 2262 sus,
222 2221 388 2257 omnibus
409 2221 490 2258 vitae
513 2224 680 2269 praesidiis
700 2223 810 2260 desti-

125 2281 221 2311 tutus
230 2302 240 2319 ,
251 2275 271 2310 f
270 2288 347 2311 ame
357 2283 394 2312 et
402 2275 534 2323 frigore
546 2285 701 2313 mortem
711 2278 808 2313 obiit.

167 2327 246 2363 3²1.
267 2328 361 2369 Aut,
391 2335 430 2363 ut
449 2329 675 2364 Acharnides.
693 2331 808 2366 Atar-

123 2384 212 2416 m't'es
225 2380 264 2416 in
279 2381 487 2416 melioribus
500 2408 509 2424 ‚
528 2381 624 2426 quod
637 2381 810 2418 Turnebo

123 2434 163 2468 in
181 2433 398 2470 Adversariis
418 2435 607 2480 probatum
622 2442 685 2470 est.
703 2435 751 2471 H.
767 2456 811 2464 -

126 2485 308 2521 Atarnites.
327 2485 376 2522 Et
398 2486 441 2521 de
464 2486 615 2521 Hermia
631 2486 783 2533 intellige
799 2514 809 2531 ‚

134 2537 280 2574 Atarnae
294 2552 390 2586 rege,
403 2539 474 2575 sive
489 2546 656 2587 tyranno,
666 2546 705 2574 ut
715 2547 810 2575 recte

127 2589 286 2626 Turneb.
315 2591 372 2627 lib.
402 2591 458 2627 lx
488 2591 637 2627 Advers.
664 2605 737 2637 cap.
759 2593 810 2628 26.

127 2643 241 2680 Addit
250 2658 268 2680 e
277 2644 438 2680 Diodoro
449 2672 459 2689 ‚
470 2644 530 2680 lib.
543 2645 654 2689 XVI,
667 2646 813 2681 Turne-

126 2697 192 2733 bus
209 2723 218 2741 ,
235 2697 423 2733 Hermiam
442 2725 451 2742 ‚
479 2698 559 2745 quia
583 2711 602 2734 a
622 2698 811 2734 Persarum

129 2761 211 2796 rege
236 2749 415 2787 defecerat
430 2778 440 2796 ,
461 2751 743 2788 circumventum
770 2751 812 2786 ab

871 1269 1029 1304 Hectore
1046 1267 1134 1303 duce
1147 1267 1236 1313 regis
1246 1267 1438 1302 Persarum
1451 1291 1462 1310 ‚
1477 1272 1512 1301 et
1523 1266 1561 1301 in

869 1328 1081 1369 potestatem
1094 1321 1288 1357 redactum.
1304 1321 1353 1356 At
1365 1320 1461 1366 quod
1473 1320 1562 1356 Ovi-

871 1375 949 1410 dius
968 1374 1037 1419 ait,
1063 1378 1211 1409 insutum
1231 1376 1321 1417 pelle
1334 1373 1496 1418 juvenci,
1522 1373 1560 1408 id

871 1428 915 1463 de
931 1427 1083 1463 Hermia
1097 1427 1156 1474 qui
1171 1427 1342 1462 scriberet
1358 1426 1473 1463 adhuc
1485 1440 1560 1463 non

871 1480 953 1516 vidi.
969 1482 1064 1515 VAL.
1081 1479 1205 1515 Anna.

910 1534 985 1568 323.
994 1534 1100 1579 Inque
1107 1537 1166 1567 luo
1174 1533 1337 1567 thalamo.
1348 1531 1391 1566 In
1402 1530 1560 1566 secundo

872 1587 1091 1624 Officiorum
1108 1587 1211 1622 docet
1230 1585 1360 1621 Cicero
1373 1613 1383 1629 ,
1405 1585 1561 1620 Alexan-

870 1643 977 1678 drum
987 1643 1178 1678 Pheraeum
1186 1655 1333 1677 uxorem
1344 1641 1494 1677 Theben
1506 1641 1562 1676 ad-

871 1695 1020 1730 modum
1039 1694 1195 1730 dilexisse
1217 1707 1224 1729 :
1243 1701 1365 1729 tamen
1388 1707 1428 1728 ex
1451 1693 1562 1740 epulis

871 1749 913 1785 ad
931 1763 1010 1785 eam
1026 1750 1064 1784 in
1077 1749 1280 1784 cubiculum
1295 1761 1405 1794 quum
1418 1762 1453 1783 se
1465 1761 1562 1783 con-

870 1802 1028 1847 ferebat,
1048 1802 1239 1837 barbarum
1264 1801 1420 1837 districto
1443 1800 1560 1847 gladio

870 1856 1014 1901 jubebat
1030 1854 1166 1889 anteire
1181 1868 1189 1890 t
1204 1854 1319 1900 deque
1337 1854 1562 1899 stipatoribus

871 1908 941 1944 suis
952 1908 1210 1954 praemittebat,
1229 1907 1289 1953 qui
1302 1907 1491 1942 muliebres
1505 1920 1562 1942 ar-

871 1961 965 1996 culas
990 1967 1308 2006 perscrutarentur.
1335 1960 1418 1995 Non
1440 1967 1560 1996 tamen

872 2026 955 2048 eum
973 2012 1100 2048 fefellit
1118 2013 1239 2058 opinio
1259 2025 1267 2047 :
1283 2025 1367 2048 nam
1387 2013 1430 2047 ab
1453 2026 1562 2049 uxore

871 2072 1019 2112 propter
1040 2065 1220 2110 pellicatus
1246 2064 1482 2111 suspicionem
1510 2073 1563 2101 est

871 2116 1092 2153 interfectus.

917 2172 994 2206 325.
1024 2172 1181 2216 Quosque
1198 2176 1304 2214 putas
1316 2171 1424 2217 fidos.
1441 2170 1562 2205 Thio-

873 2223 1048 2259 damantis
1063 2222 1156 2258 filius
1169 2221 1239 2258 fuit
1251 2222 1380 2257 Alebas
1391 2249 1401 2266 ,
1423 2222 1483 2267 qui
1496 2222 1564 2257 La-

874 2277 967 2312 rissae
991 2276 1029 2311 in
1048 2275 1228 2311 Thessalia
1250 2274 1477 2310 dominatum
1495 2274 1563 2309 ha·-

872 2330 960 2366 huit.
990 2329 1165 2365 Satellites
1187 2355 1197 2373 ,
1235 2328 1366 2364 civium
1401 2327 1530 2363 timore
1550 2354 1560 2371 ‚

876 2383 1003 2419 Alebas
1020 2382 1062 2418 ad
1079 2381 1275 2418 custodiam
1289 2381 1440 2416 habebat
1451 2407 1461 2424 ‚
1476 2393 1564 2426 quos

873 2436 965 2472 fidos
988 2436 1052 2472 sibi
1082 2434 1313 2470 existimabat.
1341 2434 1390 2469 At
1415 2435 1457 2469 ab
1482 2435 1564 2480 ipsis

874 2495 995 2535 postea
1010 2495 1062 2523 est
1075 2486 1285 2522 interfectus
1303 2500 1313 2529 ;
1336 2485 1416 2522 vide
1440 2487 1565 2523 Aleia-

874 2547 953 2576 tum
967 2567 977 2584 ,
999 2539 1058 2574 lib.
1074 2539 1128 2574 VI
1144 2539 1287 2585 Parerg.
1305 2552 1380 2586 cap.
1397 2554 1450 2574 21.

920 2594 995 2639 827.
1009 2592 1221 2637 thue-Anile).
1232 2593 1343 2628 M‘lon
1352 2593 1377 2628 J
1381 2601 1468 2629 uret.
1482 2593 1564 2629 Sar-

875 2658 947 2681 rav.
964 2652 1000 2680 et
1016 2644 1087 2679 duo
1104 2643 1170 2681 alii.
1188 2645 1237 2680 H.
1248 2664 1293 2671 —
1313 2646 1423 2691 thue
1440 2647 1563 2681 Milon.

877 2698 1032 2735 Milones
1048 2697 1165 2744 plures
1180 2698 1284 2734 fuisse
1302 2706 1438 2735 constat
1453 2713 1460 2735 :
1476 2713 1565 2746 quo-

877 2763 958 2786 rum
974 2750 1118 2797 quidam
1142 2751 1259 2787 Pisarn
1285 2751 1406 2787 Elidos
1427 2752 1564 2797 tenuit,
