1794 3100
608 237 737 281 PER
769 238 813 280 J.
851 236 1158 280 MASSON.
1290 236 1292 238 ’
1524 237 1604 282 ῐ53

167 336 292 401 juxta
317 332 397 382 filii
423 333 518 399 ejus
531 357 553 391 ,-
568 331 735 381 scilicet
756 331 957 380 Marcelli
985 330 1205 380 theatrum
1227 328 1389 386 fuisse;
1419 330 1540 396 quod
1564 342 1609 379 et

170 411 306 460 Trist.
320 410 400 459 lib.
420 412 508 468 III,
530 409 653 472 Eleg.
679 422 716 466 Ι,
742 408 999 467 confirmat,
1027 409 1131 457 dum
1153 406 1434 456 bibliothecam
1457 407 1504 455 in
1522 408 1607 457 ista

138 497 139 500 ’
169 487 346 554 porticu
369 486 642 535 reconditam
666 485 894 548 indigitat,
923 503 1032 534 vers.
1061 484 1153 551 69:

390 585 513 621 Altera
528 588 651 631 templa
667 587 680 606 ¹
696 592 796 631 pete,
816 587 929 620 vicino
943 585 1063 630 juncta
1080 586 1211 619 theatro
1230 590 1296 618 etc.

169 661 245 712 Ad
268 662 420 711 eadem
452 662 586 730 porro
621 662 704 712 tria
729 663 882 710 Romae
914 661 1085 709 theatra
1117 662 1282 710 Noster
1317 673 1488 728 spectat
1511 661 1609 710 Art.

175 741 320 790 Amat.
346 741 423 789 lib.
454 744 542 800 III,
567 761 678 794 vers.
706 741 831 807 394:

391 840 505 876 Visite
522 840 716 886 conspicuis
733 849 861 876 'rum
876 848 1054 875 'mmmm
1069 838 1163 874 locis.

174 919 248 968 Sic
270 931 316 969 et
336 900 482 969 Trist.⁸
499 919 577 968 lib.
604 922 696 978 ΙΙΙ,
716 919 840 983 Eleg.
870 932 940 967 XII
956 957 968 977 ‚
991 938 1101 967 vers.
1127 918 1201 980 24.

238 1001 298 1048 ΙΙ.
323 999 453 1049 Alius
489 1012 556 1049 est
589 1000 774 1068 insuper
806 998 996 1048 Nasonis
1028 998 1178 1057 locus,
1205 998 1283 1064 qui
1306 1017 1359 1046 ex
1388 997 1535 1047 Dionis
1557 998 1614 1046 ad

171 1076 293 1126 hunc
314 1097 478 1127 annum
503 1078 755 1126 narratione
780 1077 855 1126 hic
888 1076 1009 1124 venit
1030 1075 1336 1125 illustrandus.
1374 1076 1420 1124 Is
1455 1094 1612 1142 nempe

172 1154 308 1203 tradit
330 1160 370 1213 ²,
389 1154 460 1203 his
475 1154 758 1213 consulibus,
778 1166 830 1203 ut
850 1154 957 1202 alibi
975 1153 990 1179 ³
1011 1154 1311 1209 ostendimus,
1326 1153 1505 1220 primam
1515 1163 1614 1219 post

172 1227 384 1279 Merulam
408 1229 442 1289 ⁴,
449 1229 669 1298 flaminem
689 1231 836 1279 dialem
861 1243 1035 1280 creatum
1056 1251 1154 1280 esse.
1180 1231 1371 1281 Ovidius
1393 1242 1541 1279 autem
1560 1230 1613 1279 de

172 1307 398 1374 prioribus
418 1307 628 1373 suaefiliae
645 1308 817 1375 nuptiis
839 1321 1011 1367 narrat,
1030 1327 1102 1357 eas
1124 1328 1175 1357 ex
1196 1307 1384 1357 consilio
1410 1307 1614 1373 conjugis

172 1385 360 1434 flaminis
385 1385 514 1435 dialis
538 1385 713 1453 aliquot
735 1386 896 1435 diebus
929 1386 1085 1436 dilatas
1119 1405 1213 1436 esse
1228 1424 1240 1445 ‚
1263 1388 1381 1435 Fast.
1418 1385 1610 1446 lib.·VI,

97 1466 106 1475 ’
171 1483 282 1515 vers.
306 1464 525 1532 219-234
545 1485 554 1513 :

213 1573 225 1592 ¹
250 1570 450 1606 Delubrum
477 1571 651 1616 Apollinis
679 1571 720 1606 ad
742 1572 926 1608 Porticum
947 1570 1104 1608 Octaviae
1118 1598 1127 1616 ,
1156 1571 1193 1606 in
1214 1584 1283 1617 quo
1300 1571 1444 1606 Latonae
1469 1583 1611 1616 quoque

170 1626 312 1672 signum
337 1625 406 1660 fuit
419 1652 429 1670 ,
459 1633 545 1661 teste
578 1626 695 1661 Plinio
707 1653 717 1670 ‚
734 1627 792 1661 lib.
808 1627 992 1671 XXXVI,
1011 1640 1084 1672 cap.
1103 1630 1133 1662 5.
1165 1626 1325 1661 Theatro
1342 1626 1429 1661 item
1452 1625 1612 1661 Marcelli

167 1682 369 1728 proximum
389 1681 492 1717 fuisse
507 1708 518 1726 ‚
546 1683 669 1728 probat
689 1683 796 1718 etiam
816 1683 870 1718 Cl.
891 1684 1049 1720 Fabretti
1071 1684 1256 1730 (Inscript.
1271 1697 1347 1729 pag.
1367 1684 1459 1727 455)
1482 1697 1523 1718 ex
1540 1683 1610 1717 ka-

168 1736 318 1772 lendarii
332 1736 535 1783 fragmento
547 1764 556 1781 ,
575 1750 646 1783 quo
660 1737 787 1783 legitur
801 1751 810 1773 ε
824 1748 1007 1774 notum.
1023 1748 1156 1774 LATON.
1171 1746 1221 1772 An
1234 1747 1398 1773 THEATR.
1413 1746 1530 1772 MARC.
1543 1745 1607 1772 etc.

171 1793 309 1841 Laudat
326 1801 360 1828 et
379 1793 524 1828 Festum
543 1802 669 1829 testem
683 1821 693 1838 ‚
712 1794 769 1829 lib.
790 1795 891 1832 XIII.
906 1795 995 1829 Eam
1011 1821 1021 1839 ,
1049 1802 1089 1829 ut
1106 1793 1201 1828 idem
1222 1793 1405 1837 observat,
1425 1793 1515 1828 male
1531 1794 1609 1828 Da-

168 1854 276 1886 cieras
304 1851 469 1887 adfirmat
498 1851 656 1887 Octaviae
678 1853 863 1888 Porticum
893 1853 1079 1887 nominare
1095 1856 1263 1897 porticum
1289 1852 1471 1893 Marcelli5
1498 1864 1609 1896 quum

168 1908 238 1944 hoc
258 1922 431 1954 nusquam
453 1910 545 1956 apud
569 1911 714 1945 Festum
742 1917 921 1953 occurrat3
948 1909 1072 1956 quibus
1097 1910 1205 1944 robur
1227 1909 1344 1952 addit,
1368 1909 1420 1944 uti
1447 1917 1482 1944 et
1505 1909 1608 1944 simul

169 1965 253 2001 binc
269 1966 483 2012 illustratur,
504 1968 658 2012 Augusti
670 1968 735 2003 hac
753 1968 796 2003 de
814 1982 851 2003 re
871 1967 1113 2003 testimonium
1133 1968 1168 2001 in
1193 1966 1307 2013 lapide
1330 1967 1516 2014 Ancyrano
1529 1994 1538 2008 ,
1567 1981 1606 2002 ex

173 2023 387 2070 Apographo
400 2049 409 2067 ,
429 2019 523 2069 qu⁵od
535 2027 634 2060 Paul.
650 2025 763 2060 Lucas
779 2025 930 2071 vulgavit
948 2033 1115 2070 tanquam
1133 2037 1257 2068 suum,
1277 2031 1311 2058 at
1327 2024 1421 2070 quod
1439 2024 1610 2060 habuerat

173 2078 336 2129 Smyrnae
352 2091 371 2112 a
387 2077 491 2113 vidua
511 2081 631 2119 Fabri,
656 2080 861 2115 mercatoris
878 2079 969 2115 Galli
986 2107 995 2124 ,
1021 2079 1081 2126 qui
1100 2080 1216 2126 plures
1235 2093 1347 2115 annos
1373 2081 1519 2126 Ancyroe
1538 2080 1608 2115 de·-

170 2141 287 2180 gerat3
307 2141 412 2180 prout
427 2135 582 2170 narravit
601 2134 655 2170 Cl.
678 2138 724 2170 V.
742 2138 830 2185 Gal.
851 2138 1002 2172 She-rard
1019 2151 1134 2183 nuper
1150 2138 1298 2184 Smyrna·
1312 2149 1375 2182 pro
1393 2144 1495 2182 gente
1522 2137 1609 2171 Bri-

170 2189 310 2224 tannica
326 2188 468 2233 consul,
485 2189 615 2235 quique
634 2190 730 2225 idern
747 2192 989 2237 apographum
1005 2192 1208 2237 aliquandiu
1224 2192 1322 2226 domi
1337 2191 1517 2226 habuerat.
1536 2191 1611 2227 Sci-

170 2243 251 2279 licet
268 2244 399 2279 ibidem
423 2244 520 2288 haec,
544 2257 622 2289 quae
647 2244 747 2280 facile
772 2246 999 2292 supplentur,
1027 2247 1198 2282 habemus
1218 2260 1226 2282 :
1251 2256 1396 2282 MARTIS
1427 2257 1607 2282 TEMPLVM

167 2301 365 2346 fonvmqws
380 2311 583 2337 Avevsrvm
601 2314 608 2336 :
624 2311 834 2337 TEBA'rnvm
857 2313 906 2337 An
926 2314 1059 2338 Annnm
1083 2313 1274 2340 Apouims
1298 2315 1340 2338 m
1363 2315 1451 2338 SOLo
1474 2313 1609 2338 MAGNA

168 2370 215 2394 Ex
237 2366 362 2395 PARTE
385 2370 409 2394 A
432 2373 490 2395 me
514 2370 642 2395 ΕΜΡΤΟ
667 2370 752 2395 fuel
776 2371 874 2404 QVOD
897 2372 963 2397 svn
994 2372 1145 2397 ΝΟΜΙΝΕ
1172 2373 1214 2396 Μ.
1243 2370 1436 2397 MARCELLI
1464 2372 1607 2395 GENEM

168 2427 242 2450 mel
258 2423 369 2452 Essut.

210 2473 227 2492 ²
250 2471 322 2507 Dio
335 2499 345 2518 ‚
364 2473 421 2509 lib.
442 2473 541 2517 LIV,
564 2487 639 2519 pag.
658 2474 732 2518 546.

209 2528 224 2550 ³
245 2530 328 2565 Jani
347 2530 486 2577 Templ.
509 2532 630 2567 Reser.
649 2545 724 2577 pag.
744 2532 913 2567 ποι-203.

211 2587 227 2612 ⁴
250 2587 284 2623 Is
299 2600 394 2623 anno
411 2589 460 2624 U.
478 2589 519 2625 C.
536 2600 686 2624 nchvn
703 2589 910 2624 interfectus
927 2596 988 2624 est.
1007 2590 1150 2625 Tacitus
1166 2596 1285 2624 autem
1305 2589 1433 2624 Annal.
1449 2589 1505 2624 lib.
1528 2590 1583 2626 111
1598 2617 1607 2634 ,

168 2658 242 2690 cap.
258 2645 319 2688 38,
335 2644 470 2681 inducit
487 2647 634 2682 Servium
651 2647 918 2690 Maluginensem
930 2674 938 2688 ‚
964 2646 1024 2692 qui
1041 2647 1188 2682 Flamen
1206 2646 1315 2682 Dialis
1332 2674 1341 2691 ,
1365 2647 1586 2683 dictitantem
1599 2675 1609 2693 ,

168 2702 298 2735 duabus
320 2709 355 2735 et
372 2706 587 2748 septuaginta
602 2706 704 2738 annis
717 2708 800 2748 post
820 2705 918 2738 Corn.
950 2704 1089 2738 Meruloe
1104 2706 1225 2738 coedem
1246 2707 1408 2739 neminem
1433 2718 1508 2739 csse
1525 2703 1609 2747 sus-

160 2757 302 2803 seclum.
325 2759 427 2805 Quos
442 2760 589 2796 calculos
604 2760 683 2796 alibi
703 2774 783 2796 cum
801 2760 927 2796 Dionis
944 2760 1138 2798 rationibus
1154 2761 1385 2798 conciliamus.
