1794 3100
277 244 363 284 ss*
533 228 583 283 Ρ.
624 242 860 287 ov1D11
896 242 1199 288 NASONIS
1237 245 1427 289 VITA.

270 333 440 399 juvenis
460 334 593 382 modo
609 373 621 393 ‚
650 335 784 383 virive
798 373 810 394 ‚
835 335 912 383 sed
934 354 988 385 ne
1016 338 1141 403 pueri
1167 337 1362 404 quidem,
1383 338 1693 390 attribuantur.
1713 384 1715 393 ,

272 411 522 478 Desperans
548 412 723 461 tandem
745 413 800 460 ab
826 413 978 462 urbem
994 414 1187 463 reditum
1202 415 1435 482 impetrare
1454 437 1478 466 a
1503 417 1692 476 Caesare,

276 486 338 535 sic
357 487 423 535 ad-
434 506 613 536 uxorem
629 524 640 546 ‚
679 487 731 536 de
754 488 887 536 Trist.
909 488 985 537 lib.
1011 491 1109 548 111,
1135 489 1257 554 Eleg.
1279 503 1363 550 ΠΙ,
1391 492 1595 560 scripsit:

498 601 587 638 Ossa
602 610 722 638 tamen
736 602 842 639 facito
856 616 961 649 parva
978 604 1180 641 reserantur
1194 606 1228 640 in
1247 619 1354 642 urna:

540 663 598 699 Sic
614 677 679 710 ego
694 677 768 699 non
783 665 887 699 etiam
903 672 1064 701 mortuus
1080 667 1173 701 exsul
1189 680 1260 702 ero.

500 726 583 761 Non
598 732 691 760 vetat
707 725 771 760 hoc
787 726 968 772 quisquam
984 739 992 761 ε
1007 725 1151 762 fratrem
1168 727 1336 763 Thebana
1351 736 1573 776 peremptum

537 787 727 832 Subposuit
743 787 878 821 tumulo
893 800 974 833 rege
990 793 1127 823 vetante
1142 801 1262 823 soron·

495 847 612 893 Atque
630 861 670 882 ea
685 860 766 882 cum
780 847 888 892 soliis,
905 855 940 883 et
956 848 1085 883 amomi
1101 848 1243 894 pulvere
1260 849 1365 886 misce
1378 876 1388 895 ,

541 908 658 953 Atque
676 908 875 943 suburbano
892 908 1031 943 condita
1047 909 1149 944 crede
1164 909 1237 944 solo
1252 922 1260 944 :

499 968 669 1014 Quosque
686 970 777 1016 legat
793 983 910 1004 versus
925 970 1025 1005 oculo
1040 978 1249 1016 properante
1264 971 1394 1014 viator,

540 1029 741 1065 Grandibus
756 1030 793 1064 in
809 1029 936 1064 tumuli
951 1030 1126 1065 marmore
1143 1030 1236 1065 caede
1250 1032 1354 1067 notis.

498 1092 573 1127 H1c
590 1100 660 1126 EGO
676 1099 742 1133 qm
757 1100 871 1125 JAczo
886 1100 1123 1126 TENERORUM
1141 1102 1258 1126 Lvson
1272 1100 1442 1127 ΑΜοιωΜ
1452 1117 1463 1135 ,

545 1151 705 1186 INGEmo
721 1161 823 1185 mum
841 1152 940 1187 NAso
956 1159 1075 1186 Pom-A
1090 1162 1178 1187 mm.

499 1213 548 1248 At
564 1212 626 1247 tibi
642 1213 700 1258 qui
716 1213 859 1255 transis,
876 1224 951 1247 non
965 1212 1008 1247 sit
1024 1225 1145 1258 grave,
1163 1212 1316 1258 quisquis
1332 1211 1473 1256 amasti,

542 1274 669 1309 Dicere
684 1287 692 1309 z
709 1273 856 1310 Nasonis
871 1273 1021 1307 molliter
1036 1285 1109 1308 ossa
1124 1273 1262 1308 cubent.

277 1369 443 1419 Missus
477 1380 622 1417 autem
646 1368 732 1416 fuit
756 1368 803 1416 in
826 1368 1024 1416 exsilium
1049 1387 1165 1417 anno
1197 1367 1368 1434 imperii
1401 1365 1594 1429 Augusti
1623 1384 1692 1414 se-

276 1447 421 1495 cundo
434 1458 476 1493 et
489 1445 851 1512 quinquagesimo
863 1485 874 1505 ‚
892 1445 960 1494 vel
973 1447 1144 1494 circiter
1160 1466 1169 1494 :
1187 1445 1343 1512 quinto
1361 1457 1506 1494 autem
1523 1444 1691 1494 Tiberii

276 1522 429 1570 Tomis
449 1522 567 1588 apud
591 1522 724 1571 Getas
747 1522 861 1570 diem
883 1522 1020 1579 obiit;
1052 1541 1102 1570 ex
1123 1542 1212 1589 quo
1233 1521 1456 1585 colligitur
1479 1519 1694 1569 exsulasse

273 1619 413 1649 annos
437 1612 559 1656 octo,
584 1612 628 1649 et
656 1619 824 1649 menses
849 1600 1031 1667 aliquot.
1055 1600 1286 1668 Sepultum
1309 1601 1440 1650 etiam
1468 1601 1591 1666 juxta
1617 1617 1694 1666 op-

271 1678 424 1744 pidum
448 1680 614 1728 Tomos
636 1678 770 1728 tradit
790 1678 1023 1728 Eusebius.
