1794 3100
532 204 660 248 PER
693 205 736 247 J.
773 188 1083 248 MASsoN.
1438 219 1518 246 221

335 315 444 351 Anno
462 314 504 350 C.
524 325 617 356 x1113
640 314 688 350 U.
706 313 749 349 C.
765 324 945 356 nccrxv13
970 312 1090 349 Ovidii
1109 323 1153 348 ιν
1168 320 1203 348 et
1225 323 1295 347 tvi.

223 401 422 446 c.'le10
447 403 742 450 CAEC1NAJL.
768 408 1014 445 MUNATIO
1039 406 1243 444 PLANCO
1270 407 1405 444 COSS.

173 507 212 554 I.
250 506 456 554 ETIAMSI
490 524 623 572 supra
658 505 1005 554 concesserimus
1021 543 1033 563 ,
1073 504 1266 571 aliquam
1302 523 1354 552 ex
1386 504 1534 552 Ponto

99 583 205 633 libri
230 585 275 633 ll
297 595 466 651 partem
487 583 543 632 ad
565 583 884 651 praecedentem
906 602 1071 632 annum
1090 583 1259 646 alligari
1276 602 1433 650 posse3
1463 584 1536 630 ni-

99 661 194 712 hilo
213 674 358 711 tamen
373 662 518 710 minus
536 660 670 710 nobis
690 661 871 710 omnino
892 661 1066 709 videtur
1079 698 1091 718 ,
1110 661 1256 727 ipsum
1274 660 1435 710 librum
1448 660 1537 726 jam

102 739 333 790 collectum
363 740 544 789 nonnisi
580 741 870 789 hocce-anno
907 739 1044 788 fuisse
1066 739 1235 788 editum
1262 740 1538 806 Romamque

100 817 311 875 missum;
347 817 470 884 quod
492 817 644 883 prioris
669 817 800 865 etiam
838 835 939 884 pars
974 815 1123 883 aliqua
1154 815 1237 865 sub
1275 814 1397 863 illius
1435 815 1538 864 anni

102 894 300 942 exeuntis
313 893 499 962 ΔἸξγειηιίη
523 905 694 942 exarata
716 892 874 951 fuerit,
901 904 1038 959 prout
1055 893 1143 958 jam
1167 904 1268 941 ante
1295 892 1501 941 vidimus.

170 974 228 1020 II.
248 973 404 1038 Neque
421 971 477 1024 ad
494 971 614 1019 aliud
634 983 808 1038 tempus
823 970 1076 1020 referendus
1096 984 1163 1020 est
1181 971 1320 1020 tertius
1333 991 1388 1020 ex
1403 973 1541 1020 Ponto

108 1050 221 1107 liber,
247 1070 335 1116 quo
354 1050 485 1098 etiam
507 1048 675 1115 pluries
693 1048 954 1115 praedictum
972 1049 1144 1097 Tiberii
1161 1049 1435 1117 triumphum
1454 1070 1545 1099 me—

110 1140 276 1186 morat,
297 1128 440 1195 Epist.
462 1139 479 1174 1
493 1165 505 1186 ,
532 1139 589 1175 -ΙΙΙ
609 1138 654 1174 et
675 1139 744 1174 IV.
766 1127 862 1175 Hac
881 1146 984 1175 vero
1000 1138 1148 1186 notat,
1169 1147 1214 1177 se
1232 1146 1339 1176 anno
1357 1128 1544 1186 circiter,

111 1218 349 1274 postquam
371 1205 532 1254 ductus
556 1203 631 1252 ille
650 1203 815 1262 suerat,
841 1205 1045 1253 scribere.
1071 1206 1248 1254 Etenim
1264 1225 1365 1272 opus
1383 1206 1548 1254 Rufino

112 1285 293 1333 mittens
307 1322 319 1343 ‚
346 1282 468 1350 quod
488 1281 541 1329 de
564 1281 719 1330 eodem
739 1281 946 1348 triumpho
969 1283 1240 1332 carminibus
1262 1284 1547 1341 condiderat,

115 1363 257 1424 (vers.
287 1358 396 1418 3-6,
425 1358 545 1423 etc.)
569 1358 654 1417 ait,
681 1359 765 1424 Ep.
789 1370 840 1406 IV
857 1395 869 1417 ,
888 1377 999 1408 vers.
1027 1357 1209 1409 53-60:

334 1455 474 1494 Cetera
489 1457 649 1494 certatim
666 1456 709 1491 de
730 1470 860 1504 magno
878 1457 1004 1504 scripta
1022 1458 1176 1505 trimpho

317 1514 319 1517 '
378 1520 462 1555 Joen
469 1522 602 1564 pridem
615 1518 735 1564 populi
754 1518 910 1565 suspicor
929 1532 990 1554 ore
1008 1519 1097 1566 legi,
1115 1527 1179 1555 etc.

336 1581 420 1618 Non
436 1581 502 1628 ego
516 1581 666 1624 cessavi,
686 1593 754 1615 nec
769 1579 852 1615 fecit
868 1581 995 1616 inertia
1011 1595 1118 1616 serum
1129 1595 1139 1615 .·

377 1642 516 1679 Ultima
530 1655 588 1677 me
605 1643 690 1678 vasti
711 1643 860 1677 sustinet
878 1655 938 1678 ora
957 1642 1051 1677 freti.

338 1703 437 1738 Dum
460 1704 556 1739 venit
572 1704 641 1739 huc
656 1717 781 1738 rumor
794 1731 803 1748 ,
820 1712 1075 1750 properataque
1092 1706 1250 1749 carmina
1266 1706 1375 1748 fiunt,

386 1762 560 1811 Factaque
581 1773 668 1800 eunt
689 1765 732 1800 ad
750 1779 810 1800 vos
822 1793 831 1810 ,
848 1780 958 1801 annus
973 1769 983 1787 ¹
1003 1768 1115 1801 abisse
1130 1773 1255 1812 potest.

122 1845 288 1911 Hyeme
313 1856 458 1893 autem
483 1863 530 1893 ea
554 1864 600 1893 se
622 1863 774 1893 canere
798 1844 970 1903 innuit,
995 1863 1107 1893 vers.
1133 1844 1194 1893 33
1220 1856 1265 1893 et
1284 1843 1375 1906 34:

344 1934 494 1968 Pectora
507 1933 578 1968 sint
593 1933 694 1968 nobis
711 1936 842 1969 nivibus
854 1937 1035 1979 glacieque
1053 1934 1169 1969 licebit
1182 1960 1191 1977 ‚

315 2036 325 2050 ⁶
388 1994 504 2040 Atque
522 1994 589 2030 hoc
601 2022 610 2039 ,
629 2008 736 2041 quem
754 1996 887 2041 patior,
894 1995 1081 2040 srl'gz‘diora
1096 1995 1174 2030 loco
1186 2022 1195 2040 ,
1213 2003 1276 2030 etc.

130 2071 246 2122 Illud
263 2084 409 2122 autem
430 2094 532 2140 opus
550 2075 604 2123 de
621 2075 791 2124 Tiberii
813 2075 1040 2142 triumpho
1052 2113 1063 2133 ,
1087 2075 1208 2141 quod
1226 2075 1312 2123 hoc
1329 2093 1446 2123 anno
1467 2076 1562 2122 Ro-

129 2171 243 2202 mam
261 2153 402 2210 misit,
422 2153 510 2219 jam
526 2154 690 2203 Noster
708 2153 890 2203 molitus
908 2166 1026 2211 erat,
1053 2173 1190 2220 quum
1210 2153 1288 2202 lib.
1310 2156 1353 2202 11
1368 2192 1380 2212 ,
1401 2156 1484 2220 Ep.
1505 2167 1535 2200 V
1549 2192 1559 2209 ,

131 2231 367 2289 scriberet,
393 2250 444 2279 ex
468 2249 579 2280 vers.
607 2230 754 2297 27-35
779 2252 788 2279 ε

351 2331 465 2374 Nuper
480 2337 520 2364 ut
536 2329 606 2364 huc
624 2329 743 2375 magni
762 2329 923 2375 pervenit
940 2329 1033 2364 fama
1048 2331 1227 2379 trfumpth

395 2393 510 2426 Ausus
526 2403 604 2425 sum
623 2398 728 2426 tantae
743 2404 882 2425 sumere
903 2391 1004 2425 molis
1020 2403 1124 2435 opus,·
1142 2397 1205 2426 etc.

355 2452 464 2498 Quod
482 2452 510 2487 si
525 2451 615 2487 forte
635 2454 722 2487 liber
735 2459 866 2487 vestras
875 2456 1025 2496 pervenit
1039 2451 1081 2486 ad
1098 2465 1198 2486 aures

397 2514 562 2550 Tutelam
580 2513 713 2548 mando
727 2513 854 2548 sentiat
868 2513 923 2548 ille
941 2521 1049 2549 tuam.

181 2612 194 2631 ²
219 2608 355 2645 Confer
370 2622 411 2644 ex
430 2610 534 2644 Pont.
556 2609 615 2644 lib.
646 2608 709 2651 IV,
730 2608 840 2654 Epist.
857 2619 917 2651 xr,
936 2620 1023 2643 vers.
1047 2610 1085 2642 15
1102 2615 1138 2642 et
1160 2607 1224 2643 16:
1244 2622 1260 2638 «
1277 2607 1376 2643 Dum
1401 2616 1460 2644 tua
1485 2622 1565 2655 per-⁴

142 2665 238 2701 venit
252 2693 261 2710 ,
278 2665 364 2701 dum
391 2666 491 2701 litera
517 2673 639 2701 nostra
656 2671 842 2700 recurrens
857 2664 928 2699 Tot
944 2664 1054 2700 maria
1071 2677 1110 2700 ac
1126 2671 1235 2700 terras
1251 2671 1430 2711 permeat,
1459 2678 1565 2699 mmm

139 2726 220 2758 abit.
239 2739 254 2754 n
1291 2729 1293 2731 ’
