1794 3100
220 227 298 265 182
650 227 700 269 P.
741 227 976 272 OVIDII
1010 229 1184 274 VITA

216 315 380 364 cembii
403 335 471 365 an.
500 319 555 365 U.
585 319 634 366 C.
661 331 943 379 DCCLXV1‚a
967 341 1056 388 quo
1077 334 1272 391 tempore
1290 325 1343 374 ad
1363 338 1446 375 XIX
1465 326 1643 378 Sextilis

215 392 332 443 diem
355 394 458 441 anni
480 394 823 460 subsequentis
812 409 1033 461 intersunt
1054 410 1142 448 octo
1164 419 1346 450 menses.
1387 404 1448 452 At
1482 404 1643 454 obser—

215 469 431 526 vandum,
459 470 586 517 istam
618 470 850 536 epistolam
873 473 919 521 in
953 474 1094 523 exsilii
1119 476 1242 535 loco,
1269 469 1505 545 postquam
1528 499 1643 529 nun-

216 547 304 595 tius
329 547 381 594 de
406 547 533 594 Fabii
561 559 604 595 et
628 549 822 611 Augusti
850 562 994 599 morte
1026 552 1082 599 ad
1115 515 1325 602 Ovidium
1357 568 1642 621 pervenerat,

217 622 425 688 scriptam
450 640 556 670 esse.
582 623 702 686 Ergo
729 625 903 673 circiter
925 627 1201 693 Septembris
1224 630 1390 678 exitum
1412 632 1562 698 potuit
1582 633 1645 681 ci-

216 702 433 749 tissimum
446 701 576 749 mitti.
590 703 703 750 Tum
718 722 820 751 vero
836 714 975 752 sextus
988 705 1127 753 exsilii
1143 725 1284 756 annus
1297 708 1344 755 in
1358 709 1476 757 exitu
1489 710 1646 759 fuisset

215 779 304 825 fere
329 778 509 826 omnino
535 778 785 837 absolutus,
812 799 895 846 pro
921 782 1087 830 Norisii
1111 784 1337 832 sententia.
1375 779 1475 833 Hoc
1498 798 1644 836 tamen

218 874 309 903 non
334 855 582 917 significant
605 856 756 904 Ovidii
790 857 947 915 verba3
978 859 1085 924 quin
1110 860 1260 925 potius
1283 860 1394 910 clare
1415 863 1612 912 indicant
1630 901 1642 921 ‚

218 944 313 980 tum
333 933 502 980 alterum
527 934 695 980 lustrum
708 973 718 990 ,
745 953 819 982 seu
841 945 998 982 sextum
1023 936 1163 983 exsilii
1181 955 1344 986 annum
1366 939 1499 988 modo
1519 940 1643 990 ince—

212 1008 354 1075 pisse,
379 1029 515 1074 quum
540 1010 729 1059 Ovidius
752 1030 800 1058 ea
832 1011 1054 1061 scriberet.
1088 1013 1259 1063 Idcirco
1289 1015 1394 1065 hine
1416 1029 1567 1067 nostra
1589 1018 1643 1068 de

212 1108 327 1136 anno
354 1090 410 1135 U.
433 1089 482 1136 C.
505 1101 720 1146 DCCLXII,
746 1109 823 1139 ceu
850 1091 1058 1144 Ovidiani
1076 1091 1405 1161 exsilii'epocha
1422 1134 1434 1154 ‚
1458 1096 1644 1146 demon-

214 1178 378 1215 stratur
410 1167 639 1214 sententia.
678 1167 854 1216 Etenim
876 1170 932 1217 ab
961 1170 1149 1218 Octobri
1174 1171 1240 1220 vel
1266 1174 1507 1222 Novembri
1529 1175 1655 1240 ejus--

212 1244 310 1293 dem
328 1245 430 1293 anni
448 1245 503 1292 ad
517 1243 775 1294 alterutrum
794 1265 986 1294 mensem
1003 1262 1071 1295 an.
1095 1249 1150 1295 U.
1173 1248 1222 1296 C.
1245 1261 1496 1309 DCCLXVII,
1520 1270 1639 1301 com-

211 1323 379 1389 pletum
414 1324 603 1372 habetur
635 1326 818 1372 lustrum.
868 1325 1083 1391 Adeoque
1119 1326 1294 1376 laudata
1318 1329 1503 1395 epistola
1517 1355 1531 1388 ‚·
1561 1348 1638 1379 seu

210 1399 345 1462 elegia
365 1437 376 1456 ‚
415 1400 639 1448 Decembri
674 1419 892 1449 summum
930 1401 1059 1450 istius
1092 1403 1194 1451 anni
1222 1405 1483 1454 concinnata
1517 1405 1635 1465 fuit3
1672 1405 1675 1410 ⁸

211 1496 346 1544 quum
366 1477 625 1543 quinquennis
651 1477 871 1547 Ofympias
887 1518 897 1533 ,
928 1479 1016 1527 sive
1033 1479 1219 1529 lustrum
1238 1483 1490 1531 Romanum
1508 1483 1637 1550 quin-

212 1573 296 1622 que
322 1574 560 1611 annorum,
585 1556 720 1604 modo
742 1568 968 1622 peractum
992 1570 1126 1616 esset,
1154 1578 1202 1607 ac
1230 1561 1470 1610 secundum
1498 1561 1640 1610 exsilii

211 1633 418 1682 Ovidiani
439 1632 628 1682 lustrum
642 1634 731 1698 jam
753 1634 896 1681 iniret.
917 1635 1090 1682 Transit
1112 1636 1251 1696 enim,
1271 1637 1353 1697 ait,
1374 1638 1420 1686 in
1433 1640 1639 1706 praesenti

207 1711 415 1758 nimirum
428 1747 440 1767 ‚
466 1729 556 1757 non
580 1710 802 1776 praeterito
819 1747 830 1767 ‚
856 1722 1054 1778 tempore
1069 1750 1081 1770 ,
1105 1722 1261 1776 tempus
1282 1714 1323 1761 in
1341 1714 1508 1763 alterius
1524 1716 1645 1764 lustri

208 1798 375 1852 tempus.

275 1881 318 1911 2.
337 1863 504 1912 Eadem
522 1875 674 1911 nostra
695 1863 910 1911 sententia
927 1864 1068 1912 valide
1087 1884 1136 1913 ex
1155 1866 1304 1914 Ponto
1316 1904 1328 1924 ‚
1354 1866 1430 1915 lib.
1449 1869 1528 1925 IV,
1548 1869 1633 1934 Ep.

209 1955 294 1991 XIII
311 1981 322 2000 ,
348 1942 655 1998 confirmatur,
681 1943 762 1990 etsi
786 1941 837 1988 cl.
865 1942 1068 1990 Norisius
1087 1943 1189 1992 inde
1215 1964 1302 1993 suae
1325 1964 1464 1994 causae
1484 1946 1635 1995 subsi-

208 2022 330 2070 dium
354 2032 488 2087 petat.
516 2020 704 2068 Ovidius
729 2019 843 2067 enim
869 2020 1033 2068 ibidem
1057 2041 1224 2071 annum
1247 2023 1387 2072 exsilii
1408 2025 1634 2074 manifeste

208 2097 410 2160 designat
429 2115 538 2144 vers.
569 2095 630 2161 39
653 2108 695 2144 et
721 2097 807 2156 40:

521 2210 529 2217 .
545 2209 552 2217 .
566 2210 574 2218 .
600 2184 659 2218 sed
676 2197 732 2218 me
752 2184 823 2228 jam
837 2211 846 2228 ‚
867 2183 958 2219 Care
972 2212 981 2228 ‚
1009 2186 1113 2220 nivali

423 2246 525 2279 Sexta
546 2244 739 2289 relegatum
759 2247 873 2279 bruma
888 2246 952 2280 sub
969 2259 1028 2281 axe
1048 2245 1153 2281 videt.

207 2321 421 2388 Superius
458 2333 604 2371 autem
639 2322 790 2370 obitus
825 2324 1039 2388 Augusti,
1069 2344 1117 2372 ac
1153 2325 1442 2374 successionis
1478 2327 1639 2376 Tiberii

205 2412 471 2448 mentionem
488 2410 715 2463 injecerat
735 2398 953 2448 delibello
974 2400 1179 2467 loquens,
1201 2421 1331 2468 quem
1343 2403 1389 2450 in
1401 2403 1632 2471 utriusque

182 2474 376 2522 'laudem
400 2475 554 2522 Getico
575 2493 774 2523 sermone
792 2475 1047 2542 sciipserat‚
1067 2479 1118 2526 ut
1138 2477 1321 2526 inferius
1336 2478 1393 2527 ad
1409 2498 1478 2528 an.
1500 2481 1554 2527 U.
1577 2480 1628 2528 C.

204 2564 456 2610 DCCLXVH,
480 2552 697 2619 prolixius
722 2554 1016 2603 ostendemus.

270 2632 414 2694 Igitur
436 2631 591 2700 hyems,
618 2652 747 2698 quam
767 2633 956 2681 Ovidius
973 2644 1128 2682 sextam
1153 2635 1221 2683 sui
1242 2635 1382 2683 exsilii
1407 2627 1629 2695 vocatgea

178 2719 314 2770 flerat,
339 2727 434 2774 quae
453 2707 646 2771 Augusti
664 2720 848 2756 mortem
868 2721 1015 2758 secuta
1032 2722 1120 2768 est⁷
1146 2710 1191 2758 id
1214 2723 1298 2770 est,
1325 2731 1420 2778 quae
1441 2731 1493 2760 eo
1511 2730 1628 2760 anno
