1794 3100
227 243 314 288 306
421 308 424 311 Ι
654 245 1202 293 DEDmATIONEs

224 336 399 385 lectoris
420 336 669 396 fastidium,
695 338 886 387 eamdem
909 359 999 389 rem
1018 342 1178 408 saepius
1202 343 1341 391 dicere
1369 346 1545 411 potuit3
1572 348 1640 396 in-

222 425 378 463 ventus
400 424 544 462 tamen
569 426 634 462 est
657 415 846 464 Scaurus
869 417 1070 483 quidam,
1101 430 1152 466 ut
1175 431 1240 468 est
1260 419 1381 487 apud
1403 421 1610 494 Senecam
1625 461 1638 482 ‚

223 492 299 559 qui
319 492 586 540 Montanum
611 494 848 550 sententias
873 514 974 544 suas
996 498 1233 563 repetendo
1256 492 1609 566 corrumpentem
1626 541 1637 561 ‚

219 570 335 619 inter
365 582 561 619 oratores
597 570 809 620 Ovidium
838 585 1037 631 vocaret3
1070 574 1278 624 Ovidium
1303 577 1432 625 etiam
1452 579 1641 628 nescisse

218 645 343 711 quod
369 646 484 694 bene
519 646 650 695 cessit
681 646 927 714 relinquere
954 668 966 696 :
989 661 1120 716 atque
1142 651 1234 716 ejus
1255 652 1317 700 rei
1340 653 1638 704 testimonium

213 722 394 771 adducit
409 741 465 790 exi
475 722 552 771 lib.
569 726 680 772 XIII
695 725 1044 792 Metamorphos.
1066 718 1259 777 Hecubae
1275 729 1406 779 verba
1420 730 1472 779 de
1484 731 1636 780 Achil-

213 799 269 848 lis
303 800 466 848 saevitia
496 802 820 867 conquerentis.
847 802 1064 865 Egregius
1086 823 1211 862 vero,
1238 807 1441 873 quisquis
1459 808 1634 858 tandem

208 877 398 926 Scaurus
434 878 613 944 quidam
647 877 723 927 ille
744 878 876 927 fuerit
891 916 902 936 ‚
923 880 1055 944 judex.
1070 917 1081 938 ‚
1107 892 1150 929 et
1171 881 1332 945 dignus
1358 884 1435 950 qui
1458 885 1506 934 in
1532 886 1633 934 Am-

210 954 500 1021 phyctionum
530 954 762 1004 concilium
790 956 848 1004 ob
887 966 976 1005 tam
1008 976 1105 1006 acre
1134 959 1346 1023 judicium
1383 962 1630 1028 recipiatur.

210 1032 373 1081 Seneca
394 1045 508 1081 certe
534 1031 642 1080 alibi
664 1032 717 1080 de
753 1032 916 1081 Ovidio
939 1034 1001 1080 ita
1034 1034 1191 1091 sentit,
1213 1046 1265 1082 ut
1286 1036 1451 1099 ingenii
1474 1041 1633 1088 summi
1662 1056 1665 1059 ·

208 1110 348 1157 virum
370 1110 609 1157 nominet:
646 1131 669 1152 ι(
689 1110 780 1158 Nec
810 1108 874 1157 illi
907 1110 1096 1160 defuisse
1118 1111 1330 1176 judicium
1351 1115 1408 1164 ad
1429 1135 1631 1183 compes—

210 1209 234 1229 »
259 1186 442 1235 cendam
451 1186 668 1235 licentiam
682 1186 923 1237 carminum
936 1206 1130 1248 suorum,
1143 1191 1219 1239 sed
1232 1193 1451 1242 animum:
1467 1195 1631 1263 quippe

182 1285 232 1325 μ7»
260 1263 338 1328 qui
372 1282 484 1330 saepe
521 1275 707 1313 testatus
743 1264 801 1314 sit
827 1263 1121 1315 decentiorem
1142 1285 1236 1315 esse
1263 1268 1442 1328 faciem,
1466 1271 1514 1318 in
1542 1291 1627 1338 qua

206 1362 231 1382 »
258 1339 420 1406 aliquis
442 1359 590 1389 naevus
613 1353 781 1390 esset.»
803 1342 907 1389 Haec
921 1354 1036 1391 recte
1058 1343 1235 1392 Seneca.
1252 1345 1525 1411 Quanquam
1542 1348 1624 1400 hoc

202 1414 332 1481 plane
348 1415 475 1464 video
490 1417 681 1475 Senecae,
704 1416 993 1480 Quintiliani,
1020 1437 1068 1467 ac
1079 1431 1234 1485 postea
1247 1421 1352 1470 Auli
1367 1421 1498 1471 Gellii
1517 1436 1624 1473 tem—
1657 1453 1659 1455 ·

203 1491 420 1557 poribus,
442 1492 647 1541 labente
633 1512 722 1558 Jam
745 1512 843 1541 cum
865 1493 1049 1560 imperio
1072 1494 1212 1544 etiam
1222 1496 1396 1546 dicendi
1418 1511 1531 1558 arte,
1554 1501 1622 1566 ju-

203 1569 315 1617 dicia
339 1589 516 1636 quoque
527 1570 764 1619 hominum
783 1571 886 1620 satis
903 1572 1054 1638 iniqua
1069 1573 1299 1623 exstitisse.
1323 1576 1460 1639 Quod
1472 1576 1524 1626 de
1538 1578 1622 1628 hoc

202 1658 382 1695 auctore
415 1647 642 1697 manifeste
665 1647 886 1706 videmus,
913 1668 1042 1716 quem
1067 1649 1238 1699 Gellius
1261 1651 1472 1702 duntaxat
1492 1656 1621 1705 semel

200 1724 384 1788 adlegat.
410 1724 713 1787 Quintilianus
737 1724 867 1773 etiam
890 1725 995 1774 satis
1022 1726 1181 1789 frigide
1202 1728 1257 1782 ,de
1279 1747 1331 1776 eo
1352 1730 1532 1794 judicat.
1555 1733 1617 1782 At

203 1820 283 1864 ego
300 1819 407 1867 pace
425 1800 613 1848 istorum
631 1801 812 1849 dixerim
824 1839 836 1859 ,
862 1802 1057 1851 odiosam
1075 1804 1239 1851 Scauro
1259 1805 1409 1853 Ovidii
1428 1807 1617 1873 copiam,

200 1898 248 1926 ac
272 1878 503 1929 minimum
535 1878 627 1941 ejus
651 1890 789 1944 poetae
812 1897 927 1944 opus
950 1879 1101 1928 multis
1120 1879 1318 1930 millibus
1347 1881 1480 1931 Gellii
1504 1904 1620 1935 race-

200 1951 717 2026 mationumjj‘jiaetulerim
733 1974 742 2013 ;
759 1966 808 2002 ut
821 1955 876 2002 de
891 1955 1167 2018 Quintiliano
1182 1957 1293 2005 nihil
1307 1958 1445 2007 dicam
1455 1998 1467 2018 ,
1486 1980 1614 2028 quem

199 2033 419 2081 eruditum
445 2032 586 2080 virum
604 2032 753 2096 judico
777 2053 787 2080 :
808 2032 882 2080 sed
907 2033 1071 2099 Ovidio
1095 2052 1371 2100 nequaquam
1393 2038 1617 2103 praeferen-

200 2109 328 2167 dum,
354 2110 430 2175 qui
458 2110 504 2156 in
535 2109 770 2157 rhetoricis
805 2129 829 2157 a
857 2111 1069 2159 Cicerone
1090 2112 1310 2161 divertens
1326 2150 1338 2171 ‚
1365 2126 1496 2180 atque
1519 2115 1614 2182 ple-

197 2206 330 2253 raque
353 2187 589 2244 innovans,
615 2184 755 2252 ipsam
774 2199 908 2235 artem
932 2206 1009 2254 per
1031 2207 1075 2236 se
1097 2188 1341 2248 difficilem,
1365 2210 1456 2247 non
1478 2193 1611 2259 paulo

197 2264 497 2312 obscuriorem
522 2263 732 2321 reddidit;
758 2284 906 2314 verum
942 2285 1032 2313 non
1057 2278 1123 2314 est
1144 2267 1277 2331 hujus
1302 2267 1386 2316 loci
1418 2288 1534 2318 nunc
1562 2289 1609 2319 ea

194 2341 414 2408 prosequi.

708 2423 770 2436 §ww

497 2516 817 2564 JOANNIS
861 2516 1305 2566 PASSERATII

268 2644 326 2679 IN
362 2643 553 2679 OVIDII
587 2644 875 2680 ARMORUM
910 2645 1197 2681 JUDICIUM
1232 2647 1524 2683 PRAEFATIO.

261 2736 507 2791 NUNQUAM
534 2734 626 2781 fore
649 2747 846 2799 putaram
864 2773 875 2792 ‚
907 2749 958 2784 ut
989 2737 1119 2785 semel
1150 2737 1363 2803 explicata
1392 2738 1601 2787 Consola-
