1794 3100
738 239 903 284 IBIS.
1515 241 1541 284 3

167 338 273 385 Non
295 333 465 402 patitur
485 333 636 382 miseri
657 332 814 383 funera
839 333 943 382 flere
966 332 1075 381 viri:

106 415 348 480 Quumque
374 431 457 476 ego
481 430 643 479 quassa
667 431 774 461 meae
796 411 1070 479 complectar
1089 410 1288 461 membra
1310 413 1466 462 carinae
1480 452 1492 473 ‚

170 491 402 555 Naufragii
425 490 599 541 tabulas
623 503 795 559 pugnat
817 491 983 540 habere
1005 491 1119 549 mei;

107 573 168 621 Et
191 570 269 638 qui
293 570 507 619 debuerat
529 569 702 619 subitas
724 568 1004 632 exstinguere
1027 569 1251 630 flammas,

173 651 220 699 Is
244 649 439 717 praedam
462 648 612 697 medio
633 660 790 716 raptor
811 648 868 696 ab
895 648 998 711 igne
1023 648 1141 697 tulit.
1513 676 1558 699 ρο

108 729 280 778 Nititur
302 739 355 776 ut
372 726 573 795 prosugae
595 727 743 776 desint
765 725 973 775 alimenta
997 737 1206 784 senectae;

175 807 300 856 Heu!
327 817 496 873 quanto
517 805 686 854 nostris
711 803 893 867 dignior
915 804 1013 872 ipse
1035 803 1164 853 malis
1183 805 1194 851 ἔ

113 887 174 935 Di
197 883 383 934 melius!
411 902 605 950 quorum
631 882 765 946 longe
789 882 900 930 mihi
924 883 1144 932 maximus
1170 882 1272 942 ille,

180 964 274 1028 Qui
296 973 476 1011 nostras
499 961 657 1028 inopes
680 960 827 1009 noluit
847 979 941 1009 esse
963 961 1069 1009 vias.

115 1043 234 1092 Huic
259 1041 398 1104 igitur
418 1039 598 1088 meritas
620 1051 788 1102 grates,
810 1038 1068 1106 ubicunque
1087 1039 1263 1100 licebit,
1515 1060 1559 1094 25

166 1148 216 1182 16.
233 1148 311 1183 Non
321 1148 455 1191 patitur
469 1144 807 1190 miserifimeraflere

118 1203 193 1235 viri.
210 1199 348 1245 Argute
367 1196 534 1233 Politiani
554 1196 645 1232 liber
660 1204 697 1232 et
713 1210 807 1231 unus

118 1251 280 1286 Vatican.
301 1253 375 1285 vivi
393 1252 484 1284 viri:
508 1249 642 1284 exsules
660 1248 809 1285 civiliter

118 1303 263 1338 mortui.
289 1301 425 1338 Seneca
450 1301 624 1346 relegatus
651 1300 688 1334 in
714 1300 809 1345 Epi·-

120 1362 315 1403 grammate
330 1354 374 1389 ad
385 1353 569 1390 Corsicam
583 1363 591 1385 :
604 1367 621 1383 «
635 1353 745 1388 Parce
757 1365 809 1387 re-

120 1409 243 1456 legatis
254 1435 264 1453 ,
276 1407 345 1443 hoc
356 1414 408 1442 est
420 1433 430 1451 ,
447 1407 520 1452 jam
538 1418 640 1452 parce
653 1405 808 1451 sepultis.

121 1462 299 1497 Vivorum
309 1460 419 1497 cineri
430 1459 475 1495 sit
486 1466 546 1494 tua
559 1466 655 1494 terra
669 1458 772 1500 levis;
790 1473 807 1488 »

120 1514 297 1558 Rutilius,
314 1512 506 1550 Itinerario
524 1511 568 1547 de
590 1511 704 1546 amico
728 1511 809 1546 vitae

121 1567 326 1604 monastica>
345 1565 486 1602 addicto
502 1578 510 1601 :
527 1580 545 1596 «
567 1564 733 1601 Perditus
752 1564 810 1599 hie

124 1620 205 1656 vivo
225 1619 355 1655 funere
374 1617 458 1654 civis
479 1623 565 1657 erat.
583 1631 600 1647 »
623 1617 741 1651 Exsul
753 1617 816 1650 ubi

120 1685 284 1719 nusquam
298 1673 395 1706 domi
402 1675 456 1705 est
465 1697 473 1710 ,
500 1673 576 1704 sine
593 1672 746 1715 sepulcro
760 1673 815 1703 est

122 1731 291 1766 mortuus,
317 1721 410 1770 apud
440 1721 482 1757 P.
510 1721 654 1769 Syrum.
677 1720 812 1756 Seneca

126 1778 300 1816 Thebaid.
322 1792 340 1809 a
366 1777 476 1812 funus
493 1776 653 1812 extendis
670 1788 812 1817 meum,

126 1834 335 1881 Longasque
355 1832 424 1867 vivi
441 1831 537 1867 ducis
554 1831 732 1877 exsequias
750 1843 813 1876 pa·-

123 1886 197 1922 tris.
211 1901 228 1917 »ι
245 1885 484 1921 H.-Funera.
498 1883 582 1919 vivi
595 1882 659 1918 viri
673 1882 814 1918 calami-

127 1944 236 1973 tatem
248 1964 257 1981 ,
269 1944 306 1972 et
314 1949 372 1971 me
382 1936 502 1971 vivum
513 1949 551 1971 ac
561 1935 717 1970 exsulem
729 1947 812 1980 per-

127 1988 212 2024 inde
223 1995 455 2025 acmortuum
470 1988 599 2023 funere
616 1987 792 2035 prosequi.

178 2055 227 2090 ¹9·
256 2042 392 2078 subitas
418 2047 628 2087 exstinguere
640 2042 816 2085 flammas.

132 2092 227 2128 Mihi
243 2093 406 2140 opitulari
416 2121 427 2140 ,
446 2094 538 2130 ,sicut
553 2094 667 2130 solent
686 2093 818 2128 incen-

134 2145 201 2180 diis
225 2144 394 2181 homines
425 2145 666 2192 extinguendo
695 2145 817 2191 ignem

134 2197 303 2232 auxilium
319 2204 492 2243 praestare.
508 2199 548 2233 Z.

181 2262 237 2284 ao.
254 2251 326 2284 Hic
340 2251 490 2294 predam
513 2252 620 2285 medio
639 2258 757 2296 raptor
774 2253 819 2285 ab

134 2305 213 2348 igue
222 2305 320 2346 petit.
344 2303 440 2336 Tulit
451 2300 567 2336 Jureti
582 2302 692 2340 codex
703 2318 712 2347 ;
725 2303 821 2348 ferre

131 2355 282 2400 predam
296 2353 446 2400 elegans.
469 2354 504 2388 H
510 2352 604 2389 mus.

183 2420 237 2441 ιιι.
265 2408 451 2442 Alimenta.
482 2408 657 2441 Alimenta
681 2409 824 2454 exponit

139 2459 356 2496 Glossarium
375 2467 475 2495 vetus
495 2463 667 2510 ,θρεπτήρια
683 2468 736 2497 καὶ
755 2479 826 2513 τρο-

142 2521 211 2560 φεῖα
222 2539 233 2558 ,
251 2513 318 2548 hoc
333 2520 386 2549 est
399 2539 409 2557 ‚
425 2513 568 2559 praemia
583 2513 800 2550 educationis
814 2543 824 2560 ,

140 2565 212 2601 sive
236 2565 331 2611 quod
353 2566 557 2612 parentibus
582 2567 828 2603 nutricationis

141 2631 245 2654 causa
269 2631 289 2654 a
314 2618 393 2654 filiis
417 2619 637 2666 rependitur.
662 2620 829 2666 Legimus

143 2672 272 2708 liberos
301 2674 503 2718 parentibus
534 2682 635 2710 aetate
660 2675 830 2712 confectis

144 2723 312 2760 alimenta
323 2753 333 2770 ‚
345 2726 414 2761 sive
426 2731 596 2777 θρεπτήρια
607 2727 829 2774 suppeditare

145 2775 279 2822 legibus
295 2785 430 2814 coactos
444 2793 452 2814 ;
468 2778 600 2816 Graecis
618 2784 704 2826 νόμοι
720 2786 832 2831 πελαρ-

873 1150 955 1189 γικοὶ
977 1143 1209 1190 adpellantur.
1240 1146 1372 1182 Sensus
1391 1157 1442 1184 est
1458 1162 1465 1185 :
1484 1150 1540 1186 ille
1555 1178 1565 1196 ‚

875 1197 1030 1243 quisquis
1047 1205 1100 1233 est
1113 1225 1124 1242 ,
1142 1198 1252 1234 hostis
1270 1202 1462 1238 acerrimus
1477 1230 1486 1248 ,
1506 1218 1569 1240 co·-

874 1257 982 1286 natur
999 1258 1035 1285 et
1053 1252 1152 1286 uxori
1173 1260 1207 1288 et
1230 1253 1348 1290 liberis
1372 1256 1463 1292 bona
1484 1258 1569 1292 adi—

874 1315 974 1337 mere
987 1329 997 1345 ,
1015 1316 1086 1348 quo
1100 1303 1187 1338 mihi
1207 1313 1307 1341 aetate
1319 1306 1432 1343 fracto
1449 1336 1458 1353 ,
1476 1317 1511 1345 et
1529 1311 1567 1346 in

875 1361 1048 1390 extremas
1078 1356 1186 1390 Ponti
1215 1371 1292 1392 oras
1323 1359 1438 1403 ejecto
1455 1388 1464 1405 ,
1497 1362 1570 1397 ali—

875 1413 998 1442 menta
1010 1407 1236 1454 suppeditare
1251 1420 1442 1456 nequeant.
1458 1414 1570 1451 Recte

869 1459 1054 1505 profugam
1066 1467 1238 1495 senectam
1247 1470 1367 1508 vocat,
1382 1465 1476 1510 quod
1490 1481 1573 1513 pro-

875 1513 931 1547 cul
944 1520 964 1548 a
979 1512 1109 1549 finibus
1121 1515 1295 1551 Romanis
1311 1518 1430 1563 pulsus
1443 1546 1452 1564 ,
1473 1521 1569 1568 apud

877 1565 1037 1601 Tomitas
1059 1580 1242 1604 senescere
1264 1567 1435 1616 inglorius
1456 1586 1570 1620 coga-

876 1623 945 1652 tur.
966 1617 1122 1654 Dassa.

922 1685 975 1706 22.
990 1671 1085 1708 Heu!
1096 1677 1222 1717 quanlo
1233 1681 1288 1709 est
1300 1680 1429 1711 nostris
1438 1680 1572 1724 dignior

877 1725 936 1758 ille
944 1724 1059 1760 mala!
1074 1726 1209 1769 Quanto
1221 1732 1346 1762 nostris
1354 1731 1489 1775 dignior
1498 1736 1572 1777 ψει·

878 1774 1003 1811 ηιαΙιὶτΙ
1018 1776 1137 1822 scripti
1154 1777 1328 1814 meliores.
1345 1781 1481 1818 Hnms.

926 1829 978 1863 23.
1003 1830 1059 1863 Di
1075 1829 1215 1867 melius!
1236 1832 1326 1867 Nota
1351 1834 1470 1879 priscis
1487 1835 1572 1871 for-

879 1879 975 1914 mula
990 1894 998 1921 ;
1012 1880 1110 1927 Virg.
1122 1881 1166 1916 G.
1178 1882 1248 1926 III,
1262 1884 1326 1919 513
1339 1911 1349 1929 ,
1367 1888 1421 1920 Di
1433 1891 1573 1925 meliora

874 1937 962 1977 piis,·
972 1933 1079 1970 Ovid.
1096 1936 1186 1971 Met.
1202 1936 1288 1982 VII,
1307 1939 1362 1985 37,
1375 1942 1577 1981 Dimeliora

880 1989 995 2022 velint.
1010 2006 1055 2013 —
1074 1989 1221 2032 Quorum
1243 1994 1342 2037 longe
1357 1997 1574 2034 mihinam·-

882 2052 956 2073 mus
965 2042 1032 2074 ille.
1053 2040 1254 2087 Augustum
1268 2044 1429 2092 intelligit
1439 2075 1449 2092 ,
1463 2063 1572 2095 quem

883 2091 963 2126 Tris
967 2099 990 2126 t.
1002 2093 1018 2127 I
1023 2093 1039 2127 I
1042 2120 1050 2136 ,
1072 2095 1126 2138 54,
1135 2104 1332 2138 pra-sentem
1339 2105 1575 2145 conspicuam-

883 2159 946 2190 que
958 2146 1069 2180 Deum
1081 2147 1243 2193 adpellat.
1263 2149 1375 2196 Quod
1393 2168 1477 2190 vero
1490 2158 1575 2193 Au·—

884 2204 1005 2243 gustus
1025 2207 1139 2244 poetae
1164 2210 1286 2238 nostro
1306 2205 1399 2240 bona
1423 2209 1574 2247 minime

886 2251 1061 2288 ademerit
1078 2280 1087 2297 ‚
1115 2254 1187 2300 ipse
1206 2257 1346 2293 abunde
1375 2263 1470 2297 testis
1494 2273 1546 2300 est
1565 2280 1578 2308 ς

888 2320 905 2336 «
926 2305 1038 2352 quue
1064 2308 1162 2344 Deus
1184 2312 1314 2356 sentit,
1341 2328 1404 2359 pro
1421 2330 1493 2362 quo
1510 2332 1577 2355 nec

886 2359 1009 2396 lumen
1026 2361 1232 2407 ademptum
1242 2373 1294 2400 est
1307 2381 1315 2407 ;
1330 2368 1404 2403 Nec
1414 2371 1500 2406 mihi
1513 2373 1579 2408 de-

887 2421 1014 2449 tractas
1031 2415 1183 2460 possidet
1205 2417 1291 2452 alter
1309 2432 1402 2464 opes.
1422 2437 1440 2453 2»
1460 2424 1576 2461 Rele-

890 2466 1039 2511 gationis
1070 2467 1286 2504 beneficium
1310 2472 1481 2517 significat
1497 2503 1507 2519 ‚
1533 2479 1576 2512 ab

893 2519 1052 2564 Augusto
1078 2528 1259 2565 acceptum
1286 2536 1293 2557 :
1322 2524 1403 2561 alias
1425 2541 1550 2565 eorum
1567 2558 1578 2576 ‚

892 2572 951 2616 qui
967 2571 1084 2606 exsilio
1096 2580 1197 2607 erant
1212 2574 1369 2611 damnati
1386 2586 1421 2614 et
1439 2580 1579 2627 depor—

893 2623 955 2658 tati
976 2650 985 2666 ,
1017 2624 1110 2658 bona
1126 2626 1404 2670 publicabantur.
1425 2633 1582 2671 Dssssm.

940 2677 991 2719 24.
1013 2678 1135 2722 Inopes
1157 2683 1243 2715 vias.
1274 2681 1452 2726 Viaticum
1480 2678 1578 2724 enim

896 2728 1004 2764 dedit.
1022 2731 1115 2765 ΖΔΕ.

941 2786 991 2819 25.
1012 2786 1104 2819 Huic
1124 2789 1229 2831 igitur
1250 2794 1386 2826 meritas
1407 2801 1471 2830 etc.
1493 2796 1579 2831 Au-
