1794 3100
213 181 271 224 56
728 181 1117 226 EXCURSUS

212 274 407 322 Etista:

474 366 547 402 Aut
564 367 618 413 pia
636 374 670 402 te
687 380 774 402 caeso
791 367 926 402 dicatur
942 367 1117 411 adultera,
1137 367 1224 402 sicut

523 427 607 472 Qua
624 427 747 462 cecidit
767 428 904 463 Leucon
924 428 1080 471 vindice,
1098 427 1186 462 dicta
1204 426 1258 472 pia
1275 434 1338 461 est.

213 505 322 551 Item
348 500 420 550 illa
449 522 458 551 ε

480 598 646 635 AEthalon
663 607 702 635 nt
717 601 785 635 vita
799 601 956 646 spoliavit
970 601 1092 636 Isidius
1106 601 1229 645 hospes
1242 627 1252 643 ‚

522 662 641 707 Quem
660 675 798 698 memor
812 675 830 696 a
845 662 947 697 sacris
966 675 1061 697 nunc
1078 674 1215 707 quoque
1235 660 1330 705 pellit
1350 659 1399 694 Io.

473 722 595 767 thue
609 722 854 758 Melantheum
873 723 1024 758 tenebris
1041 736 1060 757 a
1073 722 1164 757 caede
1182 721 1351 756 latentem

527 783 689 818 Prodidit
705 783 824 818 officio
841 783 982 818 luminis
998 784 1069 829 ipsa
1083 796 1218 829 parens.

214 878 275 924 Et
300 877 483 934 similia,
518 897 706 943 quorum
747 879 1052 945 interpretatio
1087 877 1272 943 petenda
1311 887 1427 924 esset
1458 876 1513 923 ab
1546 875 1635 924 illis

216 955 506 1020 scriptoribus
522 993 533 1014 ‚
558 956 655 1021 qui,
682 957 895 1022 temporis
915 956 1074 1020 injuria
1092 954 1266 1012 amissi,
1289 953 1412 1002 triste
1435 953 1568 1002 nobis
1592 964 1636 1001 et

214 1031 419 1079 acerbum
435 1033 503 1080 sui
517 1033 779 1081 desiderium
796 1032 1068 1097 reliquerunt
1087 1053 1096 1080 z
1115 1032 1188 1080 hic
1204 1033 1319 1081 enim
1338 1031 1499 1080 sabulae
1519 1024 1637 1097 quae-

216 1109 313 1157 dam
337 1110 424 1157 sive
457 1109 653 1157 historiae
689 1121 954 1171 tanguntur,
992 1129 1177 1176 quarum
1207 1110 1325 1176 apud
1349 1128 1487 1157 unum
1519 1108 1636 1156 dun-

217 1197 336 1233 taxat
363 1197 587 1233 auctorem
615 1186 780 1234 mentio
806 1199 893 1243 est,
925 1206 1053 1252 quem
1076 1187 1112 1234 si
1140 1186 1251 1234 forte
1276 1185 1507 1234 desiderari
1530 1203 1636 1233 con-

216 1263 410 1325 tigisset,
436 1264 487 1311 de
514 1282 661 1312 earum
686 1264 955 1312 enarratione
978 1261 1134 1328 procul
1164 1262 1298 1311 dubio
1337 1273 1479 1310 actum
1504 1273 1630 1309 esset.

216 1339 434 1387 Nimirum
458 1340 606 1387 Achaei
632 1339 895 1406 supplicium
909 1377 920 1397 ,
940 1340 1064 1405 cujus
1083 1339 1280 1388 mem‘init
1298 1338 1634 1387 Ovidiusversu

218 1415 306 1464 301
330 1454 341 1473 ‚
366 1416 489 1464 unus>
508 1416 723 1483 Polybius
747 1430 1072 1466 commemorat.
1101 1416 1281 1484 Pyrrhi,
1305 1414 1492 1464 Achillis
1523 1414 1603 1462 filii
1621 1447 1634 1473 ‚

216 1495 423 1561 reliquias
455 1514 535 1561 per
563 1495 806 1544 Ambraciae
839 1496 930 1543 vias
956 1495 1157 1560 disjectas
1188 1514 1279 1543 esse
1299 1531 1312 1551 ,
1348 1493 1526 1559 Hygino
1553 1491 1637 1540 soli

217 1591 317 1620 cum
338 1575 512 1620 Nasone
528 1573 744 1621 convenit.
768 1574 836 1621 De
853 1571 1176 1638 Eurydamante
1191 1591 1213 1619 a
1233 1570 1409 1618 Simone
1424 1570 1636 1618 Larissaeo

219 1649 329 1697 circa
353 1648 572 1715 Thrasylli
599 1649 818 1697 tumulum
849 1661 1047 1715 raptato,
1075 1661 1232 1715 praeter
1253 1648 1465 1696 Ovidium
1491 1660 1533 1696 et
1553 1649 1637 1696 Di-

218 1727 395 1792 dymum
410 1764 420 1783 ,
443 1727 626 1778 Homeri
643 1726 920 1774 Scholiasten
933 1727 988 1774 ad
1008 1726 1131 1774 Iliad.
1167 1740 1218 1782 X,
1244 1744 1373 1773 nemo
1397 1725 1637 1792 quidquam

215 1803 437 1852 memoriae
453 1803 663 1869 prodidit.
676 1805 874 1852 Thasum
892 1804 1019 1852 etiam
1035 1824 1060 1851 a
1073 1804 1254 1852 canibus
1268 1802 1502 1851 laceratum
1519 1806 1637 1851 Naso

219 1881 430 1928 duntaxat
467 1893 509 1928 et
545 1882 750 1946 Hyginus
785 1881 1040 1929 retulerunt.
1093 1883 1204 1928 Item
1241 1899 1413 1928 carmen
1446 1879 1535 1945 507
1578 1879 1635 1927 ab

217 1958 350 2006 unico
373 1957 575 2005 Diodoro
601 1957 866 2015 illustratur,
892 1971 943 2006 ut
966 1970 1008 2006 et
1030 1976 1182 2006 versus
1212 1956 1297 2004 531
1338 1957 1393 2005 ab
1422 1957 1638 2023 epigram-

216 2046 330 2082 mate
351 2037 506 2096 ἀδήλῳ,
534 2033 611 2081 lib.
634 2035 698 2080 Ill
722 2033 1025 2095 Anthologiae;
1046 2045 1096 2081 ut
1114 2028 1418 2089 credibile'sit‚
1441 2031 1638 2098 quaedam

215 2112 289 2160 hic
314 2131 407 2161 esse
431 2112 559 2160 obvia
577 2150 588 2170 ‚
615 2131 711 2177 quae
734 2113 771 2160 si
794 2112 893 2178 quis
918 2112 1024 2159 alibi
1038 2130 1241 2177 *quaerere
1263 2110 1369 2158 velit
1385 2147 1396 2168 ,
1429 2128 1606 2176 operam
1620 2146 1633 2166 ‚

220 2190 351 2238 credo
377 2228 388 2248 ‚
423 2208 596 2238 omnem
618 2188 784 2237 luserit.
807 2180 888 2236 ‘Sic
912 2189 1029 2255 apud
1055 2189 1395 2255 Lycophronem
1410 2226 1421 2246 ‚
1446 2187 1638 2236 historiae

221 2268 417 2334 quaedam
429 2278 621 2323 exstant,
643 2286 751 2332 quas
763 2285 893 2314 nemo
908 2266 1020 2315 alius
1039 2266 1210 2329 attigit,
1231 2278 1281 2314 ut
1295 2265 1462 2331 Prylis‚
1481 2264 1635 2320 Midae3

221 2357 264 2393 et
292 2344 505 2393 vocabula
534 2363 626 2392 non
654 2362 818 2410 pauca,
858 2344 1019 2410 quibus
1043 2352 1200 2410 praeter
1228 2363 1325 2392 eum
1353 2342 1501 2391 nullus
1530 2362 1638 2391 usus

222 2433 316 2477 est,
354 2420 496 2486 qualia
539 2425 712 2487 φύλαμος
730 2459 743 2477 ,
784 2426 892 2484 λείρις
919 2459 929 2477 ,
960 2425 1083 2486 πέρῥα
1101 2459 1115 2478 ,
1149 2425 1302 2472 πτέλας.
1349 2418 1457 2482 Ejus
1495 2429 1638 2465 tamen

219 2495 512 2544 Alexandram
535 2510 571 2553 ,Ι
587 2497 677 2544 sive
710 2496 998 2544 Cassandram
1022 2533 1033 2554 ‚
1072 2495 1268 2562 quamvis
1291 2491 1635 2549 tenebricosam,

220 2572 441 2637 poematio
475 2585 628 2621 nostro
663 2573 961 2621 obscuriorem
994 2590 1087 2620 csse
1118 2569 1342 2618 Domitius
1366 2587 1457 2615 non
1481 2586 1637 2616 conce-

220 2649 295 2697 dit.
325 2650 396 2698 Sic
415 2649 530 2698 enim
546 2650 822 2716 peroratione
839 2649 1262 2698 Commentariorum
1277 2666 1455 2696 suorum
1476 2667 1485 2694 ε
1510 2669 1532 2689 «
1550 2647 1636 2711 Ly-
