1794 3100
622 248 752 292 PER
785 249 829 291 J.
866 247 1164 291 MASSON.
1520 249 1599 293 163

184 386 187 387 γ
225 345 434 410 -lnsuper
453 351 557 392 vero
584 359 635 389 ex
657 340 793 390 dictis
811 339 1132 389 observandum
1154 338 1296 398 venit,
1322 341 1545 390 Nasonem
1563 354 1608 390 et

182 423 507 480 ante-iteratam.
527 420 747 471 librorum
773 420 989 467 Amorum
1013 418 1270 477 editionem,
1297 438 1345 467 ac
1378 420 1486 468 adeo
1511 419 1610 470 ante

183 502 278 552 haec
315 514 536 570 tempora,
562 518 738 567 operam
763 498 974 565 tragoedioe
997 497 1192 551 dedisse:
1218 498 1433 565 siquidem
1466 501 1617 549 eadem

185 579 267 632 lib»
307 581 353 643 ΙΙ
388 577 513 642 Eleg.
549 591 694 635 XVIII,
718 569 948 643 (quaesut
975 576 1062 641 jam
1085 575 1393 635 observatum,
1428 578 1614 645 scripta,

187 678 325 727 quum
342 660 506 708 Noster
522 658 605 707 sub
625 656 786 705 incude
802 656 956 705 Artem
973 655 1243 703 Amatoriam
1260 655 1486 722 habebat)
1505 676 1613 706 vers.

193 735 365 796 13-18,
388 735 480 784 haec
506 734 651 783 canit:
947 751 949 754 ’

402 833 538 877 Sceptra
553 839 670 866 tamen
687 831 812 873 sumsi3
829 843 981 877 curaque
1000 840 1205 867 TRAGOEDIA
1221 839 1341 867 nostra

448 893 593 935 Crevit3
614 900 649 928 et
663 892 747 928 huic
763 892 861 939 operi
877 893 1068 938 quamlibet
1084 900 1183 938 aptus
1201 906 1309 928 eram.

407 953 499 989 Risit
516 954 647 997 Amor,
659 956 862 998 pallamque
879 966 995 988 meam
1007 979 1017 999 ,
1039 954 1216 999 pictosque
1233 956 1428 996 cothurnos,

447 1016 655 1060 Sceptraque
676 1014 810 1059 privata
824 1021 895 1048 tam
912 1015 1001 1049 bene
1016 1022 1130 1049 sumta
1147 1028 1267 1049 manu.
1362 1061 1368 1066 U

407 1075 504 1111 Hinc
521 1087 661 1121 quoque
679 1087 735 1109 me
752 1075 905 1110 domina
921 1087 1054 1111 numen
1071 1078 1212 1110 deduz-it
1225 1076 1353 1121 iniquae
1370 1103 1379 1120 ,

453 1135 581 1182 Deque
597 1138 794 1171 cothurnato
808 1143 887 1171 vate
905 1135 1098 1182 triumphat
1118 1136 1242 1170 Amor.

190 1213 314 1264 Idem
343 1233 396 1263 ex
417 1214 571 1263 Amer.
591 1213 669 1263 lib.
689 1216 783 1271 III,
810 1215 935 1278 Eleg.
955 1218 1001 1273 I,
1025 1215 1328 1272 confirmatum
1354 1216 1430 1264 ubi
1448 1254 1458 1274 ‚
1487 1231 1624 1283 quum

191 1294 356 1342 Noster
379 1292 426 1342 T
423 1292 713 1359 mgoedcbmac
723 1292 919 1359 Elegimn
936 1293 1204 1352 induxisset,
1225 1293 1344 1342 velut
1360 1300 1535 1360 p0etam
1562 1295 1626 1341 vi-

192 1368 341 1418 cissim
364 1368 419 1417 ad
437 1387 516 1418 sua
538 1369 729 1417 carmina
751 1368 991 1418 allicientes
1010 1407 1022 1427 ‚
1049 1370 1202 1429 addit,
1229 1390 1311 1419 suo
1345 1371 1523 1420 nomine
1555 1370 1626 1418 lo-

193 1468 362 1516 quens,
383 1467 495 1498 vers.
521 1446 670 1514 63-70
691 1469 701 1496 z
1187 1451 1190 1452 ⁷

415 1545 609 1582 ‘Altera'me
625 1553 754 1592 sceptro
770 1546 912 1582 de'coras
923 1574 933 1591 ,
954 1534 1092 1593 altoque
1110 1550 1271 1583 cothurno
1285 1561 1298 1591 ,-

457 1609 540 1644 Jam
556 1621 654 1644 nunc
666 1616 829 1645 contacto
847 1612 857 1630 ¹
871 1609 1022 1656 ’inagnus
1039 1610 1075 1644 in
1091 1623 1152 1645 ore
1170 1623 1295 1646 sonor:

414 1669 536 1706 Altera
555 1670 616 1705 das
632 1677 753 1714 nostro
771 1670 947 1706 victurum
966 1683 1099 1706 nomen
1115 1671 1249 1716 amori,
1267 1679 1332 1707 etc.

194 1748 360 1816 quibus
396 1747 510 1797 clare
544 1748 840 1812 significatur,
867 1749 1081 1799 Ovidium
1115 1750 1203 1815 jam
1239 1763 1340 1799 ante
1362 1751 1512 1800 fictum
1545 1753 1633 1801 hoc

195 1837 416 1878 certamen
441 1827 711 1875 carminibus
729 1827 892 1894 tragicis
911 1818 1196 1886 inclaruisse,
1219 1848 1312 1876 non
1337 1849 1461 1879 secus
1484 1850 1531 1880 ac
1548 1831 1630 1879 ele-

186 1903 329 1970 giacis,
353 1923 434 1958 seu
448 1904 691 1955 amatoriis.
714 1905 852 1968 Quod
876 1901 1080 1972 superius
1098 1907 1364 1956 indicaverat
1382 1909 1624 1976 Tragoedia,

196 1979 259 2029 sic
284 1980 497 2048 loquens,
518 2001 630 2031 vers.
658 1998 833 2047 27-29:

403 2079 528 2126 *Quod
545 2087 676 2116 tenerae
691 2087 854 2125 cantent,
870 2083 954 2116 lusit
967 2087 1025 2116 tua
1041 2083 1164 2123 Musa,
1184 2083 1328 2128 puellae3

462 2142 645 2187 Primaque
663 2154 726 2187 per
742 2155 911 2177 numeros
926 2149 1005 2177 acta
1009 2143 1155 2188 juventa
1166 2158 1256 2180 suos.

416 2202 515 2236 Nunc
530 2200 677 2236 habeam
693 2204 758 2248 'per
774 2210 807 2238 te
823 2229 833 2248 ,
862 2204 1023 2239 Romana
1043 2205 1227 2252 Tragoedia
1240 2232 1249 2250 ,
1267 2219 1399 2242 nomen
1415 2234 1424 2251 ,
1441 2216 1505 2244 etc.

196 2282 312 2330 unde
335 2280 467 2330 simul
493 2280 659 2347 liquet,
685 2283 906 2332 Nasonem
922 2322 934 2341 ‚
957 2285 1060 2335 dum
1080 2287 1172 2335 haec
1196 2287 1429 2345 scriberet,
1446 2289 1621 2353 primam

186 2359 389 2426 peregisse
405 2359 618 2426 juventam
637 2376 655 2413 ;
690 2359 810 2424 quod
847 2372 892 2408 et
920 2374 1072 2428 postea
1093 2363 1240 2412 innuit
1263 2364 1411 2413 eadem
1436 2364 1614 2431 Elegia,

195 2454 305 2485 vers.
328 2435 388 2502 59
409 2455 418 2483 ε

410 2519 527 2552 Prima
542 2524 611 2552 tuae
626 2518 719 2552 movi
735 2517 846 2553 felicia
861 2522 990 2554 semina
1000 2521 1130 2555 mentis
1146 2535 1154 2563 ;

196 2595 374 2645 Scilicet
387 2597 475 2645 hoc
500 2615 517 2643 1
539 2609 791 2663 poematum
806 2634 818 2655 ‚
841 2598 996 2669 Aul-or.
1018 2598 1095 2647 lib.
1112 2599 1200 2658 III,
1225 2618 1276 2648 ex
1291 2599 1379 2650 illis
1403 2614 1493 2661 est,
1521 2623 1616 2670 quae

241 2714 251 2732 ¹
280 2711 337 2746 An
352 2724 426 2746 non
442 2711 556 2757 potius
571 2711 759 2757 legendum
774 2738 784 2755 ‚
808 2717 977 2754 contecto,
1000 2713 1042 2748 ob
1067 2712 1197 2748 larvam
1215 2727 1343 2760 nempe
1358 2743 1367 2760 ,
1398 2729 1465 2762 qua
1489 2725 1617 2752 conte—

195 2767 342 2814 gebatur
353 2781 392 2803 οε
407 2795 416 2810 ‚
435 2768 589 2803 faciesve.
