1794 3100
254 245 335 306 194
690 246 740 288 Ρ.
782 245 1023 289 OVIDII
1059 245 1229 290 VITA

465 337 526 373 Ina
543 337 685 382 quidem
701 337 815 372 fateor
828 337 951 373 frontis
967 349 1040 372 non
1054 350 1126 372 esse
1142 349 1271 373 severae

504 399 637 444 Scripta
648 424 659 442 ‚
676 406 739 433 ete.

247 477 440 525 Tandem
466 490 572 524 vers.
598 476 692 536 345
718 495 800 542 sqq
823 496 833 523 :

462 574 549 608 Hoec
565 573 626 608 tibi
642 586 699 608 me
712 574 864 608 invisum
882 572 1013 609 lascivia
1029 573 1112 609 fecit
1124 599 1133 617 ,
1151 574 1195 609 ob
1215 575 1337 616 Ades,

505 634 603 679 Quas
620 641 713 668 ratus
726 647 762 668 es
773 660 783 678 ,
799 634 922 669 vetitos
937 634 1131 669 sollicitasse
1150 641 1255 669 toros.

463 695 533 730 Sed
551 708 665 740 neque
682 707 739 729 me
757 701 873 740 nuptae
889 694 1085 730 didicerunt
1104 695 1197 731 furta
1213 696 1377 742 magistro
1393 709 1401 730 :

503 756 682 802 Quodque
700 769 823 801 parum
837 755 955 800 novit,
975 769 1081 791 nemo
1098 756 1222 791 docere
1239 762 1360 802 potest.

463 818 520 853 Sic
535 829 600 863 ego
617 817 752 852 delicias
765 843 774 861 ,
793 824 828 851 et
842 817 959 851 mollia
975 817 1130 852 carmina
1143 816 1210 851 feci
1222 843 1231 860 ‚

503 878 692 914 strinxerit
706 885 745 913 ut
761 890 893 913 nomen
907 876 1022 913 sabula
1035 877 1130 912 nulla
1145 890 1277 913 meum.

462 940 535 974 Nec
550 942 722 984 quisquam
738 944 789 973 est
807 938 892 973 adeo
908 938 1024 973 media
1042 938 1083 973 de
1101 938 1200 984 plebe
1215 943 1356 975 maritus
1366 966 1374 980 ,

500 1000 555 1034 Ut
566 1002 686 1034 dubius
702 999 786 1034 vitio
801 999 844 1033 sit
853 1005 953 1043 pater
966 999 1022 1033 ille
1038 998 1130 1033 meo.

459 1059 575 1094 Crede
596 1059 681 1094 mihi
698 1074 705 1101 ;
721 1072 827 1093 mores
841 1057 971 1094 distant
987 1072 1005 1092 a
1021 1061 1168 1093 carmine
1182 1063 1303 1094 nostro
1317 1073 1325 1094 ε

509 1123 589 1156 Vita
603 1115 785 1155 vereeunda
800 1127 851 1155 est
866 1147 874 1163 ,
894 1119 997 1155 Musa
1013 1120 1126 1164 jocosa
1142 1120 1227 1155 mihi
1240 1147 1249 1163 ,
1268 1126 1332 1155 etc.
1387 1129 1390 1132 ’

303 1201 378 1247 VI.
406 1197 493 1247 Sed
514 1199 600 1265 jam
631 1199 735 1248 satis
765 1200 816 1247 de
847 1211 996 1248 CAUSA
1023 1212 1187 1247 POENAE
1215 1191 1428 1257 diximus,
1460 1212 1580 1249 nunc
1604 1202 1657 1249 de

238 1290 427 1326 GENERE
452 1277 643 1342 ejusdem
666 1296 805 1343 pauca
826 1277 1009 1325 veniunt
1030 1276 1422 1341 animadvertenda.
1445 1276 1656 1340 Quamvis

237 1355 381 1404 autem
405 1374 450 1403 se
475 1355 637 1422 passim
664 1362 882 1404 EXSULEM
899 1393 910 1409 ,
948 1374 996 1403 ac
1019 1348 1067 1403 in
1097 1357 1328 1404 EXSILI'I‘JN'I
1360 1372 1452 1403 esse
1473 1355 1654 1403 missum

237 1433 381 1490 dicat3
418 1444 604 1482 attamen
629 1445 747 1482 cavet
769 1452 824 1481 ne
848 1433 1099 1492 credamus,
1132 1452 1232 1482 eum
1266 1423 1444 1501 proprie
1475 1432 1654 1480 exsulem

233 1508 370 1556 fuisse
386 1546 397 1566 ,
416 1529 550 1575 quum
566 1510 758 1572 Augusti
778 1509 921 1558 edicto
942 1522 1214 1558 RELEGATUS
1230 1518 1403 1558 tantum
1422 1507 1652 1556 diceretur.

235 1588 347 1635 Rem
372 1599 570 1635 accurate
586 1625 597 1645 ,
622 1587 756 1635 Trist.
796 1587 872 1634 lib.
900 1585 981 1644 ³11,
1022 1588 1332 1657 prosequitur,
1355 1585 1435 1634 ubi
1465 1584 1654 1650 primum

238 1664 421 1713 Caesaris
437 1663 708 1713 clementiam
725 1663 897 1722 laudat,
917 1683 1002 1731 qua
1022 1664 1109 1712 sibi
1127 1664 1216 1712 vita
1232 1681 1327 1711 non
1343 1661 1477 1710 fuerit
1495 1671 1654 1727 erepta,

235 1759 344 1789 vers.
378 1741 584 1789 125-128
607 1762 616 1788 z

461 1828 574 1874 Cujus
589 1829 624 1862 in
642 1835 769 1863 eventu
783 1835 889 1873 pal-na·
904 1830 1078 1862 clmente‘a
1094 1834 1194 1862 tanta
1205 1831 1275 1870 est,-
1346 1850 1349 1852 >

502 1891 554 1924 Ut
569 1889 675 1924 suerit
692 1896 812 1928 nostro
826 1889 941 1929 lenior
956 1889 1013 1924 illa
1028 1896 1136 1924 metu.

460 1953 541 1986 Vita
562 1950 640 1985 data
658 1957 728 1994 est,
749 1950 902 1994 citraque
919 1962 1043 1984 necem
1060 1957 1119 1983 tua
1136 1948 1287 1983 constitit
1303 1949 1353 1982 ira
1366 1974 1376 1992 ,

444 2052 447 2056 .
488 2010 532 2046 Ο
548 2011 708 2056 princeps
723 2023 824 2055 parce
845 2009 974 2043 viribus
991 2022 1050 2044 use
1069 2008 1156 2043 tuis!

238 2092 363 2138 Hanc
380 2102 523 2138 tamen
544 2089 717 2137 laudem
733 2109 824 2136 non
838 2107 1025 2157 parum
1012 2088 1194 2147 minuit,
1221 2089 1371 2155 quod
1358 2101 1541 2176 ipsemet
1561 2090 1649 2148 ait,

237 2186 345 2216 vers.
380 2166 467 2233 193
493 2178 536 2213 et
567 2167 686 2232 194:

458 2263 652 2308 Quumque
669 2262 724 2296 alii
740 2275 840 2298 causa
850 2262 913 2296 tibi
928 2262 997 2296 sint
1013 2262 1169 2307 graviore
1185 2262 1311 2308 fugati,

499 2324 658 2360 Ulterior
673 2324 759 2358 nulli
773 2349 782 2367 ,
803 2336 906 2368 quam
921 2323 1028 2367 mihi,
1046 2331 1138 2358 terra
1157 2323 1235 2358 data
1249 2331 1309 2358 est.

239 2406 362 2468 Quin
388 2405 518 2452 etiam
541 2403 732 2466 Augusti
757 2402 984 2450 clementia
1004 2402 1142 2466 major
1162 2401 1281 2450 fuit·
1268 2420 1313 2449 m
1338 2401 1403 2450 D.
1431 2392 1615 2451 Silanum
1635 2441 1645 2460 ,

241 2482 316 2548 qui
340 2482 379 2529 in
400 2493 538 2529 NEPTI
561 2480 749 2552 Augusti
775 2480 954 2535 adulter,
982 2497 1206 2545 quanquam
1228 2497 1306 2525 non
1330 2479 1559 2543 ultrafhret
1575 2496 1653 2526 ,ςαξ-

241 2559 384 2614 vitum,
421 2577 539 2625 quam
561 2568 605 2604 ut
626 2557 799 2604 armcitia
834 2555 1025 2604 Coesaris
1032 2550 1333 2621 prolaberetur,
1366 2555 1551 2603 exsilium
1578 2556 1657 2603 sibi

240 2636 463 2691 intellexit,
492 2646 693 2683 narrante
716 2634 904 2683 Tacito¹
924 2653 934 2691 3
961 2652 1095 2699 quum
1119 2644 1217 2680 ante
1241 2633 1446 2690 dixisset,
1468 2634 1649 2695 Augus-

157 2782 163 2786 <
217 2797 232 2814 s
283 2746 294 2766 ¹
318 2743 445 2782 Annal.
461 2742 518 2777 lib.
535 2742 610 2785 III,
624 2755 695 2786 cap.
713 2744 765 2784 24.
