1794 3100
541 215 634 259 ET
665 214 1194 260 PRAEFATIONES.'
1488 217 1573 278 317

141 319 323 367 cerunt,
363 326 502 374 quum
538 326 615 357 eos
655 307 822 366 libros,
863 327 975 375 quos
998 308 1047 356 in
1070 306 1226 356 exsilio
1252 308 1431 374 scripsit
1449 347 1461 367 ,
1487 328 1577 357 uno

142 391 386 458 eodemque
407 390 632 440 volumine
658 409 758 440 cum
777 410 853 440 sex
869 391 942 439 his
960 390 1171 456 conjungi
1193 389 1376 449 solitos,
1403 391 1582 441 scholiis

141 471 454 531 illustrassem‚
478 484 531 521 ut
552 472 601 520 hi
626 472 775 532 eadem
800 492 978 539 quoque
1008 471 1236 538 diligentia
1267 485 1311 522 et
1342 472 1579 532 industria,

143 575 232 623 qua
248 554 403 605 inillis
414 574 521 605 usus
537 573 668 615 eram,
682 575 779 606 mea
793 556 841 604 in
856 555 998 604 lucem
1015 556 1259 623 prodirent.
1279 556 1404 621 Quid
1417 556 1585 605 multa?

142 639 205 688 Et
222 638 278 687 iis
291 676 304 696 ,
324 649 369 687 et
388 637 654 706 quibusdam
671 638 771 689 aliis
792 638 919 698 viris,
940 645 1133 705 quorum
1150 639 1472 706 propemodum
1496 640 1581 687 sub

142 719 330 788 imperio
354 739 451 779 sum
473 724 660 784 (notum
682 722 799 770 enim
821 732 908 779 est,
935 740 1070 788 quam
1092 720 1242 785 legum
1267 722 1415 771 studio
1430 760 1441 779 ‚
1463 721 1583 771 aliis-

144 822 231 870 que
248 803 443 867 negotiis
459 804 543 854 sim
562 805 839 872 occupatus)
855 804 1101 872 parendum
1122 805 1256 863 duxi,
1280 806 1481 873 quamvis
1498 806 1584 855 hoc

145 905 263 935 onus
277 887 388 936 meis
403 887 575 937 viribus
589 886 722 952 longe
736 888 880 955 impar
897 906 990 937 esse
1009 888 1233 937 senserim.
1249 889 1422 937 Horum
1439 901 1584 937 tamen

145 989 275 1018 causa
308 982 352 1018 et
382 969 580 1037 impulsu
612 971 650 1020 si
692 971 799 1038 quid
835 990 860 1019 a
892 991 960 1019 me
992 972 1239 1039 praestitum
1271 970 1430 1029 fuerit,
1468 972 1585 1038 quod

146 1052 331 1102 eruditis
354 1051 551 1120 placeat,
576 1053 780 1112 laetabor3
807 1055 876 1104 sin
900 1055 1049 1103 minus
1064 1092 1076 1111 ,
1103 1073 1179 1103 eos
1202 1054 1284 1103 hac
1304 1072 1400 1102 mea
1424 1054 1587 1104 volun-

147 1148 235 1186 tate
250 1174 263 1195 ‚
293 1155 380 1204 qua
402 1136 654 1204 praeclaram
676 1137 868 1204 aliquam
894 1157 987 1187 rem
1011 1150 1217 1205 praestare
1240 1138 1476 1205 cupiissent
1491 1176 1503 1195 ‚
1537 1139 1582 1186 in

145 1219 302 1285 primis
324 1230 559 1268 contentos
580 1237 675 1268 esse
697 1219 835 1268 decet.
874 1219 943 1267 De
965 1220 1152 1270 OVIDIO
1177 1232 1323 1269 autem
1355 1220 1456 1287 ipso
1470 1259 1481 1277 ,
1509 1222 1586 1287 qui

147 1320 172 1350 a
195 1300 523 1368 sapientissimo
544 1301 818 1369 philosopho
834 1340 846 1360 ,
871 1302 1056 1360 Seneca,
1077 1314 1310 1369 poetarum
1329 1303 1591 1367 ingeniosis—

147 1384 286 1433 simus
301 1403 394 1433 non
412 1384 634 1433 immerito
652 1396 847 1443 vocatur,
869 1384 977 1452 quid
1000 1385 1074 1433 hic
1093 1385 1272 1434 dicam?
1294 1386 1402 1452 quid
1422 1386 1474 1434 de
1494 1387 1587 1452 ejus

147 1468 195 1516 in
213 1485 493 1535 quacumque
511 1466 745 1536 disciplina
758 1507 769 1526 ,
787 1487 884 1535 quae
902 1468 997 1534 ejus
1012 1468 1156 1535 ipsius
1173 1467 1312 1517 aetatis
1327 1468 1588 1518 homiuibus

148 1562 257 1599 nota
273 1562 365 1599 erat
381 1587 393 1609 ,
412 1551 666 1618 praestantia
679 1551 699 1599 ?
714 1551 878 1599 Nonne
897 1550 969 1600 his
986 1550 1280 1607 carminibus,
1302 1551 1468 1618 quibus
1488 1569 1590 1620 per—

151 1646 328 1683 secutus
352 1646 420 1683 est
442 1653 539 1700 quae
574 1633 628 1682 ad
659 1646 826 1683 veteres
857 1634 1162 1683 Romanorum
1191 1633 1306 1682 ritus
1332 1633 1558 1700 pertinent
1576 1673 1587 1688 ,

150 1735 336 1784 quaeque
361 1716 466 1780 (hac
490 1716 668 1783 quidem
688 1716 736 1763 in
755 1717 824 1781 re)
843 1715 971 1765 exilia
986 1754 998 1773 ,
1022 1716 1164 1774 nuda,
1185 1715 1423 1782 jejunaque
1442 1728 1588 1773 erant,

151 1799 247 1865 (sic
270 1799 388 1848 enim
412 1799 492 1858 iis,
518 1798 597 1866 qui
626 1799 808 1847 materia
844 1799 1076 1866 proposita
1106 1797 1275 1865 aliquid
1311 1798 1595 1847 scribendum

152 1882 425 1949 suscipiunt,
446 1882 494 1930 in
509 1901 615 1948 quo,
631 1881 766 1931 veluti
786 1882 982 1949 spatioso
995 1900 1164 1949 campo,
1180 1881 1326 1945 vagari
1343 1893 1588 1948 nequeant,

152 1964 345 2013 accidere
360 1963 501 2030 solet)
517 1965 727 2028 graviter,
749 1976 902 2013 ornate
915 2002 926 2023 ,
946 1964 1214 2032 copioseque
1230 1964 1464 2013 tractavit?
1483 1963 1592 2031 quid

154 2046 208 2095 de
227 2046 503 2114 eloquentia,
528 2067 616 2114 qua
630 2047 741 2096 alios
764 2048 927 2098 latinos
957 2060 1133 2115 poetas,
1154 2059 1206 2096 ut
1230 2046 1479 2096 Gulielmus
1497 2047 1593 2095 Sir-

155 2129 292 2188 letus,
310 2127 543 2178 cardinalis
562 2129 879 2196 amplissimus3
898 2130 1172 2197 Hippolytus
1189 2129 1435 2197 Capilupus
1448 2167 1460 2188 ,
1476 2130 1594 2197 epis—

155 2231 321 2280 copus;
346 2213 412 2260 M.
438 2212 666 2261 Antonius
688 2214 920 2272 Muretus,
944 2199 1103 2263 Petrus
1132 2213 1378 2262 Ciacconus
1395 2251 1406 2270 ‚
1430 2212 1593 2279 aliique

155 2295 238 2345 viri
261 2295 509 2344 doctissimi
530 2296 755 2352 sentiunt,
779 2295 910 2360 longe
948 2296 1123 2364 lateque
1147 2297 1403 2364 superavit?
1426 2296 1473 2344 in
1507 2314 1594 2362 qua

155 2397 285 2436 eum,
308 2390 362 2427 ut
395 2377 451 2426 de
486 2377 621 2427 altera
661 2377 820 2445 loquar
850 2378 1057 2428 facultate
1075 2417 1087 2438 ‚
1114 2380 1327 2428 Cicerone
1362 2390 1406 2426 et
1440 2378 1593 2435 Livio,

158 2459 327 2527 quibus
349 2461 468 2528 apud
486 2462 672 2510 Latinos
695 2461 918 2528 copiosius
942 2482 1073 2510 nemo
1096 2462 1294 2528 scripsit,
1318 2460 1594 2518 inferiorem,

159 2542 197 2592 si
222 2542 324 2610 quis
349 2562 446 2592 vere
467 2556 601 2611 atque
636 2545 890 2611 incorrupte
908 2545 1151 2610 judicabit,
1175 2543 1353 2592 minime
1375 2543 1562 2611 reperiet
1582 2581 1594 2599 ,

157 2625 238 2675 sed
259 2625 322 2674 eis
342 2626 500 2675 merito
524 2627 768 2695 comparari
794 2645 924 2694 posse
944 2647 992 2676 ac
1011 2627 1170 2677 debere
1193 2625 1512 2676 confitebitur..
1527 2664 1561 2675 ..

714 2755 1033 2770 ...ᾤ-ς..
