1794 3100
302 249 357 304 34
689 253 740 294 P.
778 252 1012 297 ov1D11
1047 253 1349 298 NASONIS

366 347 496 394 Parte
518 357 643 412 potes
659 381 671 402 ‚
694 345 870 411 Tydeus
892 347 1099 412 temporis
1121 347 1254 413 hujus
1282 348 1378 396 eris.
1651 351 1717 410 43'0

302 424 451 491 Atque
474 423 639 489 aliquid
663 422 818 480 facias,
843 442 866 471 a
880 441 1065 490 vvespere
1089 444 1242 474 rursus
1263 425 1317 473 ad
1340 437 1461 475 ortus

368 502 460 549 Cur
482 499 716 548 exsternati
740 499 857 549 Solis
877 513 1063 563 agantur
1087 501 1201 567 equi.

300 579 435 627 Foeda
456 578 684 644 Lycaoniae
708 589 877 644 repetes
898 578 1096 626 convivia
1115 597 1272 627 mensae
1285 617 1296 637 ‚

365 655 661 720 Tentabisque
684 654 774 702 cibi
791 652 939 704 fallere
960 656 1111 704 fraude
1133 658 1288 704 Jovem
1306 677 1315 704 :

300 734 451 798 Teque
477 730 636 797 aliquis
657 731 807 796 posito
831 741 970 778 tentet
990 731 1077 779 vim
1097 731 1289 780 numinis
1310 743 1418 798 opto
1437 751 1447 790 ;

1651 747 1718 793 435

365 807 616 857 Tantalides
640 819 687 855 tu
711 807 797 864 sis,
823 807 1117 873 Tereidesque
1137 827 1259 874 puer.

301 889 360 934 Et
381 898 455 934 tua
475 886 535 933 sic
560 885 672 933 latos
696 897 960 950 spargantur
982 884 1177 933 membra
1200 905 1279 952 per
1298 905 1424 949 agros
1440 924 1451 944 ‚

365 965 594 1028 Tanquam
620 979 715 1028 quae
737 962 901 1028 patrias
924 962 1151 1011 detinuere
1173 963 1276 1011 vias.

301 1042 404 1089 AEre
427 1039 617 1087 Perilleo
639 1059 768 1087 veros.
788 1039 956 1088 imitere
978 1040 1189 1104 juvencos
1204 1078 1216 1097 ‚

364 1117 437 1168 Ad
458 1117 640 1166 formam
663 1117 775 1165 tauri
799 1117 1083 1165 conveniente
1108 1137 1248 1166 sono:
1655 1134 1721 1179 44⁰

297 1199 412 1244 Utve
432 1196 556 1244 ferox
578 1193 776 1242 Phalaris
789 1231 801 1250 ‚
823 1193 975 1256 lingua
997 1195 1121 1261 prius
1146 1214 1248 1243 ense
1269 1207 1433 1243 resecta
1448 1232 1460 1252 ,

366 1273 494 1320 More
517 1270 674 1326 bovis,
698 1269 867 1335 Paphio
888 1269 1062 1318 clausus
1084 1270 1234 1342 in'aere
1254 1289 1413 1332 gemas.
1445 1337 1450 1339 ἡ

301 1351 509 1414 Dumque
531 1346 672 1395 redire
694 1344 815 1394 voles
837 1346 913 1393 aevi
937 1345 1129 1395 melioris
1152 1347 1198 1395 in
1219 1365 1360 1396 annos
1374 1385 1386 1405 ,

367 1427 431 1473 Ut
453 1437 576 1473 vetus
598 1423 774 1472 Admeti
799 1423 1014 1489 decipiare
1035 1443 1172 1473 socer.

302 1506 451 1570 Atque
476 1521 611 1570 eques
633 1503 680 1549 in
704 1501 836 1548 medii
859 1519 1053 1564 mergare
1077 1502 1283 1565 voragine
1307 1503 1444 1560 coeni,

1656 1518 1722 1563 44⁵

369 1578 622 1628 Dummodo
648 1567 741 1627 sint
758 1577 837 1626 fati
858 1578 1035 1626 nomina
1058 1577 1178 1627 nulla
1199 1578 1277 1627 tui.

305 1659 452 1723 Atque
470 1657 639 1704 utinam
663 1672 840 1721 pereas,
864 1654 999 1703 veluti
1024 1655 1076 1725 de
1101 1655 1308 1704 dentibus
1330 1655 1417 1704 orti

371 1731 551 1782 Sidonia
568 1733 694 1797 jactis
722 1733 851 1781 Graia
878 1751 955 1799 per
976 1731 1075 1781 arva
1098 1752 1239 1782 manu.

306 1877 371 1909 que
398 1863 454 1898 alii
470 1877 479 1904 ;
506 1875 596 1896 unus
618 1860 809 1896 Vaiioenus
835 1864 979 1896 veniant.

306 1917 398 1961 Lege
413 1917 554 1949 venient.
571 1914 704 1948 Hems.

348 1969 424 2011 431.
434 1968 506 2001 Aut
513 1967 651 2011 aliqm’d.
665 1963 811 2000 Adludit
825 1964 867 1999 ad
881 1964 981 1999 fabu-

304 2021 374 2054 lam
396 2020 430 2054 Τ
432 2019 561 2065 hyestae
585 2025 620 2052 et
643 2017 767 2060 Atrei,
791 2030 810 2050 a
831 2030 981 2061 quorum

306 2083 424 2105 mensa
437 2069 498 2104 Sol
506 2069 634 2104 dicitur
645 2068 806 2108 avertisse
819 2081 979 2109 currum;

304 2123 381 2157 vide
404 2122 536 2168 Hygin.
558 2120 640 2154 Fab.
667 2120 734 2163 68,
761 2127 796 2154 et
820 2119 980 2165 Tragoeffi

294 2175 448 2217 Senecae
465 2172 608 2218 Thyest.

345 2228 421 2271 434.
444 2227 665 2269 ΤεηΙαῦιζι-ᾳιιε
681 2225 888 2268 cae'bismude.
899 2226 980 2259 Ali—

302 2291 370 2323 qua
373 2277 501 2320 fraude
516 2276 629 2310 Juret.
649 2282 684 2310 et
700 2283 768 2310 tres
784 2276 860 2318 alii,
884 2276 977 2310 forte

303 2332 402 2374 daptlr
411 2328 562 2372 fraudu
588 2340 798 2372 quamquam
826 2327 919 2362 hunc
943 2335 979 2362 et

304 2380 502 2425 proximum
514 2388 654 2416 versu-m
668 2386 842 2423 suspectos
858 2378 979 2413 habeo.

342 2431 417 2474 436.
430 2432 634 2472 Tantalides.
645 2429 783 2474 Pelops,
797 2428 979 2464 filiusTan-

305 2481 385 2522 tali,
405 2481 608 2515 numinibus
627 2480 775 2526 hospitio
795 2481 975 2526 susceptis,

303 2547 323 2568 a
337 2540 433 2578 patre
450 2532 623 2578 adpositus
634 2539 685 2568 est
696 2559 706 2577 ,
719 2533 918 2577 experiente
932 2546 976 2567 an

302 2585 363 2619 Dii
386 2591 510 2619 esseut.
534 2584 672 2629 Reliqui
702 2585 945 2620 abstinuerunt
967 2598 975 2619 ;

302 2637 385 2671 Una
404 2636 512 2670 Ceres
536 2636 728 2671 humerum
754 2636 944 2681 absumpsit
964 2663 973 2679 ,

300 2701 405 2734 quem
421 2695 540 2733 postea
550 2687 703 2738 reddidit
714 2689 911 2723 eburneum
925 2689 975 2722 di-

297 2741 430 2775 vinitas.
447 2740 563 2775 -1Ta
584 2740 767 2782 Tereusque
780 2753 870 2783 puer.
894 2741 974 2784 Ityn

1045 1860 1156 1894 filium
1175 1857 1280 1894 Terei
1299 1859 1476 1905 designat,
1501 1859 1591 1905 patri
1609 1859 1717 1905 adpo-

1045 1914 1215 1948 situm.—-
1231 1915 1465 1957 Threiciasque
1489 1924 1579 1958 puer.
1610 1914 1722 1947 Terei-

1044 1977 1107 2009 que
1121 1964 1222 1999 multi
1247 1971 1387 1999 veteres.
1406 1963 1634 1998 Constantius
1655 1965 1721 1998 Te-

1044 2029 1118 2050 mos
1144 2022 1251 2060 alque.
1278 2016 1369 2061 Lege
1402 2017 1614 2060 Tereidesque
1637 2023 1719 2050 cum

1047 2068 1247 2103 Petaviano.
1265 2070 1398 2104 Htms.

1088 2122 1163 2163 445.
1173 2121 1283 2164 Atque
1291 2133 1400 2165 eques.
1408 2120 1618 2155 Dehiscente
1624 2126 1718 2154 terra

1043 2172 1080 2205 in
1102 2173 1188 2206 urbe
1202 2198 1211 2215 ‚
1240 2172 1410 2217 aruspices
1437 2171 1693 2217 responderunt
1707 2198 1715 2213 ,

1045 2222 1284 2258 Postulionem
1298 2224 1456 2257 manium
1470 2223 1588 2257 Deum
1604 2233 1718 2266 posce-
1747 2225 1750 2229 ’

1043 2288 1081 2309 re
1099 2275 1214 2309 virum
1229 2274 1459 2310 fortissimum
1475 2285 1483 2308 ε
1499 2273 1558 2318 qui
1572 2273 1637 2307 nisi
1651 2273 1716 2307 da-

1042 2334 1141 2361 retur
1159 2353 1168 2369 ,
1205 2322 1488 2360 interitum'urbi
1516 2321 1715 2358 imminere.

1046 2377 1192 2412 Curtius
1206 2374 1369 2411 iuventte
1384 2383 1435 2410 est
1448 2401 1457 2419 ‚
1483 2375 1542 2420 qui
1564 2383 1715 2410 armatus

1041 2442 1123 2463 eum
1155 2429 1191 2463 in
1220 2429 1331 2464 locum
1358 2438 1393 2462 se
1417 2427 1554 2472 dejecit.
1576 2429 1716 2462 Nomen

1042 2479 1163 2516 datum
1177 2486 1308 2523 estrat
1329 2481 1462 2512 Curtius
1481 2482 1578 2512 lacus
1598 2478 1722 2524 adpel-

1041 2533 1172 2567 laretur
1189 2545 1197 2573 ς
1216 2529 1396 2565 wideval.
1421 2530 1566 2564 Maxim.
1583 2530 1645 2565 lib.
1667 2532 1712 2572 V,

1040 2597 1112 2629 cap.
1131 2587 1160 2618 5.
1176 2583 1279 2617 Bon.

1085 2635 1159 2679 446.
1166 2635 1267 2668 Raeti
1273 2635 1334 2668 tui.
1343 2632 1426 2667 Fati
1432 2633 1503 2667 duo
1512 2640 1655 2669 veteres.
1666 2634 1712 2668 H.

1084 2689 1157 2731 ⁴¹48·
1174 2687 1313 2720 Sidonia
1322 2687 1443 2729 jactis.
1459 2688 1593 2730 &arsis
1612 2687 1712 2723 multi

1040 2745 1172 2772 veteres
1188 2751 1196 2779 ;
1215 2737 1324 2771 nostri
1334 2738 1456 2781 jachlr.
