<?xml version="1.0" encoding="UTF-8"?>
<!DOCTYPE html PUBLIC "-//W3C//DTD XHTML 1.0 Transitional//EN"
    "http://www.w3.org/TR/xhtml1/DTD/xhtml1-transitional.dtd">
<html xmlns="http://www.w3.org/1999/xhtml" xml:lang="en" lang="en">
 <head>
  <title>
</title>
<meta http-equiv="Content-Type" content="text/html;charset=utf-8" />
  <meta name='ocr-system' content='tesseract 3.04.00' />
  <meta name='ocr-capabilities' content='ocr_page ocr_carea ocr_par ocr_line ocrx_word'/>
</head>
<body>
  <div class='ocr_page' id='page_1' title='image "./quaeextantomniao08oviduoft_0058.png"; bbox 0 0 1794 3100; ppageno 0'>
   <div class='ocr_carea' id='block_1_1' title="bbox 272 253 1318 314">
    <p class='ocr_par' dir='ltr' id='par_1_1' title="bbox 272 253 1318 314">
     <span class='ocr_line' id='line_1_1' title="bbox 272 253 1318 314; baseline 0.016 -17"><span class='ocrx_word' id='word_1_1' title='bbox 272 253 327 308; x_wconf 75' lang='lat'><strong>48</strong></span> <span class='ocrx_word' id='word_1_2' title='bbox 629 261 680 303; x_wconf 88' lang='lat' dir='ltr'><strong>P.</strong></span> <span class='ocrx_word' id='word_1_3' title='bbox 735 261 986 308; x_wconf 79' lang='lat' dir='ltr'><strong>ovlmr</strong></span> <span class='ocrx_word' id='word_1_4' title='bbox 1017 265 1318 314; x_wconf 79' lang='lat' dir='ltr'><strong>NASONIS</strong></span> 
     </span>
    </p>
   </div>
   <div class='ocr_carea' id='block_1_2' title="bbox 271 348 1422 427">
    <p class='ocr_par' dir='ltr' id='par_1_2' title="bbox 271 348 1422 427">
     <span class='ocr_line' id='line_1_2' title="bbox 271 348 1422 427; baseline 0.016 -33"><span class='ocrx_word' id='word_1_5' title='bbox 271 348 375 410; x_wconf 85' lang='lat' dir='ltr'><strong>Qua</strong></span> <span class='ocrx_word' id='word_1_6' title='bbox 396 367 474 397; x_wconf 89' lang='lat' dir='ltr'><strong>sua</strong></span> <span class='ocrx_word' id='word_1_7' title='bbox 496 350 744 411; x_wconf 79' lang='lat' dir='ltr'><strong>Penthiden</strong></span> <span class='ocrx_word' id='word_1_8' title='bbox 770 355 918 422; x_wconf 87' lang='lat' dir='ltr'><strong>proles</strong></span> <span class='ocrx_word' id='word_1_9' title='bbox 944 369 1009 407; x_wconf 90' lang='lat' dir='ltr'><strong>est</strong></span> <span class='ocrx_word' id='word_1_10' title='bbox 1031 359 1124 408; x_wconf 90' lang='lat' dir='ltr'><strong>ulta</strong></span> <span class='ocrx_word' id='word_1_11' title='bbox 1150 362 1422 427; x_wconf 86' lang='lat' dir='ltr'>Lycurgum,</span> 
     </span>
    </p>
   </div>
   <div class='ocr_carea' id='block_1_3' title="bbox 269 426 1344 572">
    <p class='ocr_par' dir='ltr' id='par_1_3' title="bbox 269 426 1344 572">
     <span class='ocr_line' id='line_1_3' title="bbox 334 426 1284 501; baseline 0.016 -30"><span class='ocrx_word' id='word_1_12' title='bbox 334 426 438 473; x_wconf 82' lang='lat' dir='ltr'><strong>Haec</strong></span> <span class='ocrx_word' id='word_1_13' title='bbox 458 441 627 476; x_wconf 86' lang='lat' dir='ltr'><strong>maneat</strong></span> <span class='ocrx_word' id='word_1_14' title='bbox 649 430 723 478; x_wconf 89' lang='lat' dir='ltr'><strong>teli</strong></span> <span class='ocrx_word' id='word_1_15' title='bbox 748 443 788 480; x_wconf 92' lang='lat' dir='ltr'><strong>te</strong></span> <span class='ocrx_word' id='word_1_16' title='bbox 814 452 992 500; x_wconf 89' lang='lat' dir='ltr'><strong>quoque</strong></span> <span class='ocrx_word' id='word_1_17' title='bbox 1015 436 1146 501; x_wconf 80' lang='lat' dir='ltr'>plaga</span> <span class='ocrx_word' id='word_1_18' title='bbox 1166 439 1284 486; x_wconf 88' lang='lat' dir='ltr'><strong>novi.</strong></span> 
     </span>
     <span class='ocr_line' id='line_1_4' title="bbox 269 501 1344 572; baseline 0.015 -25"><span class='ocrx_word' id='word_1_19' title='bbox 269 501 419 566; x_wconf 88' lang='lat' dir='ltr'><strong>thue</strong></span> <span class='ocrx_word' id='word_1_20' title='bbox 441 503 586 551; x_wconf 90' lang='lat' dir='ltr'><strong>Milon</strong></span> <span class='ocrx_word' id='word_1_21' title='bbox 602 542 613 562; x_wconf 88' lang='lat'><strong>,</strong></span> <span class='ocrx_word' id='word_1_22' title='bbox 639 506 778 555; x_wconf 90' lang='lat' dir='ltr'><strong>robur</strong></span> <span class='ocrx_word' id='word_1_23' title='bbox 802 508 1006 558; x_wconf 86' lang='lat' dir='ltr'><strong>diducere</strong></span> <span class='ocrx_word' id='word_1_24' title='bbox 1024 511 1157 561; x_wconf 71' lang='lat' dir='ltr'><strong>&#39;fissile</strong></span> <span class='ocrx_word' id='word_1_25' title='bbox 1183 525 1344 572; x_wconf 80' lang='lat' dir='ltr'><strong>tentes,</strong></span> 
     </span>
    </p>
   </div>
   <div class='ocr_carea' id='block_1_4' title="bbox 1623 456 1689 489">
    <p class='ocr_par' dir='ltr' id='par_1_4' title="bbox 1623 456 1689 489">
     <span class='ocr_line' id='line_1_5' title="bbox 1623 456 1689 489; baseline -0.03 0"><span class='ocrx_word' id='word_1_26' title='bbox 1623 456 1689 489; x_wconf 81' lang='lat'><strong>6¹0</strong></span> 
     </span>
    </p>
   </div>
   <div class='ocr_carea' id='block_1_5' title="bbox 268 578 1685 1187">
    <p class='ocr_par' dir='ltr' id='par_1_5' title="bbox 268 578 1685 1187">
     <span class='ocr_line' id='line_1_6' title="bbox 331 578 1263 650; baseline 0.014 -25"><span class='ocrx_word' id='word_1_27' title='bbox 331 578 421 627; x_wconf 88' lang='lat' dir='ltr'><strong>Nec</strong></span> <span class='ocrx_word' id='word_1_28' title='bbox 444 581 589 646; x_wconf 88' lang='lat' dir='ltr'><strong>possis</strong></span> <span class='ocrx_word' id='word_1_29' title='bbox 614 595 762 650; x_wconf 86' lang='lat' dir='ltr'><strong>captas</strong></span> <span class='ocrx_word' id='word_1_30' title='bbox 784 585 886 634; x_wconf 90' lang='lat' dir='ltr'><strong>inde</strong></span> <span class='ocrx_word' id='word_1_31' title='bbox 912 588 1070 636; x_wconf 87' lang='lat' dir='ltr'><strong>referre</strong></span> <span class='ocrx_word' id='word_1_32' title='bbox 1095 609 1263 640; x_wconf 88' lang='lat' dir='ltr'><strong>manus.</strong></span> 
     </span>
     <span class='ocr_line' id='line_1_7' title="bbox 268 656 1444 735; baseline 0.012 -31"><span class='ocrx_word' id='word_1_33' title='bbox 268 656 620 726; x_wconf 81' lang='lat' dir='ltr'><strong>Muneribusque</strong></span> <span class='ocrx_word' id='word_1_34' title='bbox 645 662 732 711; x_wconf 88' lang='lat' dir='ltr'><strong>tuis</strong></span> <span class='ocrx_word' id='word_1_35' title='bbox 756 661 950 723; x_wconf 87' lang='lat' dir='ltr'><strong>laedaris,</strong></span> <span class='ocrx_word' id='word_1_36' title='bbox 975 678 1026 714; x_wconf 89' lang='lat' dir='ltr'><strong>ut</strong></span> <span class='ocrx_word' id='word_1_37' title='bbox 1047 669 1218 726; x_wconf 88' lang='lat' dir='ltr'><strong>Icarus,</strong></span> <span class='ocrx_word' id='word_1_38' title='bbox 1245 669 1290 716; x_wconf 87' lang='lat' dir='ltr'><strong>in</strong></span> <span class='ocrx_word' id='word_1_39' title='bbox 1316 687 1444 735; x_wconf 91' lang='lat' dir='ltr'><strong>quem</strong></span> 
     </span>
     <span class='ocr_line' id='line_1_8' title="bbox 332 734 1241 801; baseline 0.014 -21"><span class='ocrx_word' id='word_1_40' title='bbox 332 734 490 782; x_wconf 89' lang='lat' dir='ltr'><strong>Intulit</strong></span> <span class='ocrx_word' id='word_1_41' title='bbox 510 750 696 786; x_wconf 86' lang='lat' dir='ltr'><strong>armatas</strong></span> <span class='ocrx_word' id='word_1_42' title='bbox 719 739 839 787; x_wconf 90' lang='lat' dir='ltr'><strong>ebria</strong></span> <span class='ocrx_word' id='word_1_43' title='bbox 864 741 992 789; x_wconf 90' lang='lat' dir='ltr'><strong>turba</strong></span> <span class='ocrx_word' id='word_1_44' title='bbox 1016 761 1184 792; x_wconf 88' lang='lat' dir='ltr'><strong>manus.</strong></span> <span class='ocrx_word' id='word_1_45' title='bbox 1239 798 1241 801; x_wconf 22' lang='lat'><strong><em>¹</em></strong></span> 
     </span>
     <span class='ocr_line' id='line_1_9' title="bbox 269 811 1685 886; baseline 0.013 -29"><span class='ocrx_word' id='word_1_46' title='bbox 269 811 491 877; x_wconf 81' lang='lat' dir='ltr'><strong>Quodque</strong></span> <span class='ocrx_word' id='word_1_47' title='bbox 515 813 667 863; x_wconf 91' lang='lat' dir='ltr'><strong>dolore</strong></span> <span class='ocrx_word' id='word_1_48' title='bbox 690 816 809 866; x_wconf 87' lang='lat' dir='ltr'><strong>necis</strong></span> <span class='ocrx_word' id='word_1_49' title='bbox 832 819 983 883; x_wconf 79' lang='lat' dir='ltr'><strong>patriae</strong></span> <span class='ocrx_word' id='word_1_50' title='bbox 1004 820 1075 886; x_wconf 85' lang='lat' dir='ltr'><strong>pia</strong></span> <span class='ocrx_word' id='word_1_51' title='bbox 1099 821 1187 869; x_wconf 82' lang='lat' dir='ltr'><strong>filia</strong></span> <span class='ocrx_word' id='word_1_52' title='bbox 1210 821 1334 878; x_wconf 85' lang='lat' dir='ltr'><strong>fecit,</strong></span> <span class='ocrx_word' id='word_1_53' title='bbox 1384 831 1386 833; x_wconf 77' lang='grc'>’</span> <span class='ocrx_word' id='word_1_54' title='bbox 1619 835 1685 870; x_wconf 72' lang='lat'><strong>&amp;¹5</strong></span> 
     </span>
     <span class='ocr_line' id='line_1_10' title="bbox 333 887 1295 958; baseline 0.012 -25"><span class='ocrx_word' id='word_1_55' title='bbox 333 887 519 936; x_wconf 84' lang='lat' dir='ltr'><strong>Vincula</strong></span> <span class='ocrx_word' id='word_1_56' title='bbox 542 909 621 955; x_wconf 91' lang='lat' dir='ltr'><strong>per</strong></span> <span class='ocrx_word' id='word_1_57' title='bbox 644 891 788 958; x_wconf 85' lang='lat' dir='ltr'><strong>laquei</strong></span> <span class='ocrx_word' id='word_1_58' title='bbox 813 893 879 941; x_wconf 87' lang='lat' dir='ltr'><strong>fac</strong></span> <span class='ocrx_word' id='word_1_59' title='bbox 902 894 983 942; x_wconf 85' lang='lat' dir='ltr'><strong>tibi</strong></span> <span class='ocrx_word' id='word_1_60' title='bbox 1009 908 1163 958; x_wconf 86' lang='lat' dir='ltr'><strong>guttur</strong></span> <span class='ocrx_word' id='word_1_61' title='bbox 1183 909 1295 945; x_wconf 88' lang='lat' dir='ltr'><strong>eant.</strong></span> 
     </span>
     <span class='ocr_line' id='line_1_11' title="bbox 269 963 1304 1035; baseline 0.01 -25"><span class='ocrx_word' id='word_1_62' title='bbox 269 963 603 1031; x_wconf 84' lang='lat' dir='ltr'><strong>Obstructoque</strong></span> <span class='ocrx_word' id='word_1_63' title='bbox 625 967 781 1016; x_wconf 86' lang='lat' dir='ltr'><strong>samem</strong></span> <span class='ocrx_word' id='word_1_64' title='bbox 799 971 981 1035; x_wconf 86' lang='lat' dir='ltr'><strong>patiaris</strong></span> <span class='ocrx_word' id='word_1_65' title='bbox 1006 971 1154 1024; x_wconf 88' lang='lat' dir='ltr'><strong>limine</strong></span> <span class='ocrx_word' id='word_1_66' title='bbox 1178 974 1304 1030; x_wconf 84' lang='lat' dir='ltr'><strong>tecti,</strong></span> 
     </span>
     <span class='ocr_line' id='line_1_12' title="bbox 338 1040 1276 1114; baseline 0.011 -27"><span class='ocrx_word' id='word_1_67' title='bbox 338 1043 397 1088; x_wconf 88' lang='lat' dir='ltr'><strong>Ut</strong></span> <span class='ocrx_word' id='word_1_68' title='bbox 419 1040 558 1103; x_wconf 86' lang='lat' dir='ltr'><strong>legem</strong></span> <span class='ocrx_word' id='word_1_69' title='bbox 582 1063 721 1108; x_wconf 87' lang='lat' dir='ltr'><strong>poenae</strong></span> <span class='ocrx_word' id='word_1_70' title='bbox 746 1047 815 1093; x_wconf 90' lang='lat' dir='ltr'><strong>cui</strong></span> <span class='ocrx_word' id='word_1_71' title='bbox 842 1047 963 1095; x_wconf 82' lang='lat' dir='ltr'><strong>dedit</strong></span> <span class='ocrx_word' id='word_1_72' title='bbox 986 1050 1082 1113; x_wconf 88' lang='lat' dir='ltr'><strong>ipsa</strong></span> <span class='ocrx_word' id='word_1_73' title='bbox 1106 1067 1276 1114; x_wconf 89' lang='lat' dir='ltr'><strong>parens.</strong></span> 
     </span>
     <span class='ocr_line' id='line_1_13' title="bbox 268 1116 1225 1187; baseline 0.011 -24"><span class='ocrx_word' id='word_1_74' title='bbox 268 1116 393 1166; x_wconf 88' lang='lat' dir='ltr'><strong>Illius</strong></span> <span class='ocrx_word' id='word_1_75' title='bbox 417 1120 616 1186; x_wconf 87' lang='lat' dir='ltr'><strong>exemplo</strong></span> <span class='ocrx_word' id='word_1_76' title='bbox 638 1122 775 1170; x_wconf 86' lang='lat' dir='ltr'><strong>violes</strong></span> <span class='ocrx_word' id='word_1_77' title='bbox 799 1122 1027 1171; x_wconf 87' lang='lat' dir='ltr'><strong>simulacra</strong></span> <span class='ocrx_word' id='word_1_78' title='bbox 1048 1125 1225 1187; x_wconf 55' lang='lat' dir='ltr'><strong>Dianae„</strong></span> 
     </span>
    </p>
   </div>
   <div class='ocr_carea' id='block_1_6' title="bbox 326 1194 1187 1263">
    <p class='ocr_par' dir='ltr' id='par_1_6' title="bbox 326 1194 1187 1263">
     <span class='ocr_line' id='line_1_14' title="bbox 326 1194 1187 1263; baseline 0.009 -22"><span class='ocrx_word' id='word_1_79' title='bbox 326 1194 506 1244; x_wconf 82' lang='lat' dir='ltr'><strong>Aulidis</strong></span> <span class='ocrx_word' id='word_1_80' title='bbox 527 1214 551 1242; x_wconf 89' lang='lat' dir='ltr'><strong>a</strong></span> <span class='ocrx_word' id='word_1_81' title='bbox 575 1208 707 1261; x_wconf 90' lang='lat' dir='ltr'><strong>portu</strong></span> <span class='ocrx_word' id='word_1_82' title='bbox 734 1197 810 1263; x_wconf 88' lang='lat' dir='ltr'><strong>qui</strong></span> <span class='ocrx_word' id='word_1_83' title='bbox 830 1196 922 1246; x_wconf 91' lang='lat' dir='ltr'><strong>leve</strong></span> <span class='ocrx_word' id='word_1_84' title='bbox 942 1200 1070 1247; x_wconf 87' lang='lat' dir='ltr'><strong>vertit</strong></span> <span class='ocrx_word' id='word_1_85' title='bbox 1093 1200 1187 1249; x_wconf 88' lang='lat' dir='ltr'><strong>iter.</strong></span> 
     </span>
    </p>
   </div>
   <div class='ocr_carea' id='block_1_7' title="bbox 1617 1221 1684 1255">
    <p class='ocr_par' dir='ltr' id='par_1_7' title="bbox 1617 1221 1684 1255">
     <span class='ocr_line' id='line_1_15' title="bbox 1617 1221 1684 1255; baseline -0.03 0"><span class='ocrx_word' id='word_1_86' title='bbox 1617 1221 1684 1255; x_wconf 80' lang='lat'><strong>620</strong></span> 
     </span>
    </p>
   </div>
   <div class='ocr_carea' id='block_1_8' title="bbox 265 1272 1326 1344">
    <p class='ocr_par' dir='ltr' id='par_1_8' title="bbox 265 1272 1326 1344">
     <span class='ocr_line' id='line_1_16' title="bbox 265 1272 1326 1344; baseline 0.008 -25"><span class='ocrx_word' id='word_1_87' title='bbox 265 1272 569 1339; x_wconf 82' lang='lat' dir='ltr'><strong>Naupliadaeve</strong></span> <span class='ocrx_word' id='word_1_88' title='bbox 593 1274 726 1322; x_wconf 89' lang='lat' dir='ltr'><strong>modo</strong></span> <span class='ocrx_word' id='word_1_89' title='bbox 749 1274 852 1323; x_wconf 88' lang='lat' dir='ltr'><strong>ficto</strong></span> <span class='ocrx_word' id='word_1_90' title='bbox 878 1295 959 1342; x_wconf 89' lang='lat' dir='ltr'><strong>pro</strong></span> <span class='ocrx_word' id='word_1_91' title='bbox 982 1278 1158 1327; x_wconf 88' lang='lat' dir='ltr'><strong>crimine</strong></span> <span class='ocrx_word' id='word_1_92' title='bbox 1176 1298 1326 1344; x_wconf 90' lang='lat' dir='ltr'><strong>poenas</strong></span> 
     </span>
    </p>
   </div>
   <div class='ocr_carea' id='block_1_9' title="bbox 260 1407 945 2701">
    <p class='ocr_par' dir='ltr' id='par_1_9' title="bbox 266 1407 945 1664">
     <span class='ocr_line' id='line_1_17' title="bbox 308 1407 945 1454; baseline 0.006 -14"><span class='ocrx_word' id='word_1_93' title='bbox 308 1407 384 1454; x_wconf 74' lang='lat'><strong>609.</strong></span> <span class='ocrx_word' id='word_1_94' title='bbox 403 1409 614 1442; x_wconf 74' lang='lat' dir='ltr'><strong>Pentheiden.</strong></span> <span class='ocrx_word' id='word_1_95' title='bbox 637 1409 822 1443; x_wconf 75' lang='lat' dir='ltr'><strong>Penthiden</strong></span> <span class='ocrx_word' id='word_1_96' title='bbox 846 1417 945 1444; x_wconf 84' lang='lat' dir='ltr'><strong>vete-</strong></span> 
     </span>
     <span class='ocr_line' id='line_1_18' title="bbox 267 1460 944 1509; baseline 0.004 -16"><span class='ocrx_word' id='word_1_97' title='bbox 267 1473 332 1494; x_wconf 92' lang='lat' dir='ltr'><strong>res.</strong></span> <span class='ocrx_word' id='word_1_98' title='bbox 350 1460 397 1493; x_wconf 90' lang='lat' dir='ltr'><strong>H.</strong></span> <span class='ocrx_word' id='word_1_99' title='bbox 412 1479 455 1485; x_wconf 92' lang='lat'><strong>—</strong></span> <span class='ocrx_word' id='word_1_100' title='bbox 470 1462 545 1503; x_wconf 80' lang='lat' dir='ltr'><strong>Qua</strong></span> <span class='ocrx_word' id='word_1_101' title='bbox 557 1472 631 1494; x_wconf 86' lang='lat' dir='ltr'><strong>sua.</strong></span> <span class='ocrx_word' id='word_1_102' title='bbox 649 1460 756 1495; x_wconf 89' lang='lat' dir='ltr'><strong>Butes</strong></span> <span class='ocrx_word' id='word_1_103' title='bbox 771 1487 780 1504; x_wconf 88' lang='lat'><strong>,</strong></span> <span class='ocrx_word' id='word_1_104' title='bbox 795 1461 944 1509; x_wconf 86' lang='lat' dir='ltr'><strong>Lycurgi</strong></span> 
     </span>
     <span class='ocr_line' id='line_1_19' title="bbox 269 1511 942 1558; baseline 0.004 -13"><span class='ocrx_word' id='word_1_105' title='bbox 269 1512 370 1554; x_wconf 76' lang='lat' dir='ltr'><strong>filius,</strong></span> <span class='ocrx_word' id='word_1_106' title='bbox 382 1511 426 1545; x_wconf 90' lang='lat' dir='ltr'><strong>ob</strong></span> <span class='ocrx_word' id='word_1_107' title='bbox 435 1518 570 1556; x_wconf 85' lang='lat' dir='ltr'><strong>patrem</strong></span> <span class='ocrx_word' id='word_1_108' title='bbox 579 1512 752 1546; x_wconf 88' lang='lat' dir='ltr'><strong>sublatum</strong></span> <span class='ocrx_word' id='word_1_109' title='bbox 764 1526 783 1547; x_wconf 92' lang='lat' dir='ltr'><strong>a</strong></span> <span class='ocrx_word' id='word_1_110' title='bbox 793 1513 942 1558; x_wconf 76' lang='lat' dir='ltr'><strong>Baccho,</strong></span> 
     </span>
     <span class='ocr_line' id='line_1_20' title="bbox 268 1565 942 1610; baseline 0.003 -11"><span class='ocrx_word' id='word_1_111' title='bbox 268 1566 343 1610; x_wconf 78' lang='lat' dir='ltr'><strong>ejus</strong></span> <span class='ocrx_word' id='word_1_112' title='bbox 357 1566 512 1600; x_wconf 88' lang='lat' dir='ltr'><strong>numinis</strong></span> <span class='ocrx_word' id='word_1_113' title='bbox 525 1565 719 1601; x_wconf 84' lang='lat' dir='ltr'><strong>sacerdotes</strong></span> <span class='ocrx_word' id='word_1_114' title='bbox 737 1579 859 1602; x_wconf 87' lang='lat' dir='ltr'><strong>omnes</strong></span> <span class='ocrx_word' id='word_1_115' title='bbox 876 1580 942 1601; x_wconf 84' lang='lat' dir='ltr'><strong>ne-</strong></span> 
     </span>
     <span class='ocr_line' id='line_1_21' title="bbox 266 1617 942 1664; baseline 0.003 -13"><span class='ocrx_word' id='word_1_116' title='bbox 266 1617 355 1652; x_wconf 85' lang='lat' dir='ltr'><strong>cavit</strong></span> <span class='ocrx_word' id='word_1_117' title='bbox 364 1617 465 1651; x_wconf 75' lang='lat' dir='ltr'><strong>vax-iis</strong></span> <span class='ocrx_word' id='word_1_118' title='bbox 478 1624 513 1652; x_wconf 91' lang='lat' dir='ltr'><strong>et</strong></span> <span class='ocrx_word' id='word_1_119' title='bbox 526 1618 750 1652; x_wconf 84' lang='lat' dir='ltr'><strong>acerbissimis</strong></span> <span class='ocrx_word' id='word_1_120' title='bbox 760 1618 942 1664; x_wconf 85' lang='lat' dir='ltr'><strong>suppliciis.</strong></span> 
     </span>
    </p>

    <p class='ocr_par' dir='ltr' id='par_1_10' title="bbox 266 1669 944 1766">
     <span class='ocr_line' id='line_1_22' title="bbox 309 1669 944 1711; baseline 0.005 -9"><span class='ocrx_word' id='word_1_121' title='bbox 309 1669 348 1702; x_wconf 81' lang='lat'><strong>61</strong></span> <span class='ocrx_word' id='word_1_122' title='bbox 360 1683 384 1702; x_wconf 90' lang='grc' dir='ltr'><strong>ι.</strong></span> <span class='ocrx_word' id='word_1_123' title='bbox 397 1671 578 1704; x_wconf 79' lang='lat' dir='ltr'><strong>Deducere.</strong></span> <span class='ocrx_word' id='word_1_124' title='bbox 591 1670 773 1711; x_wconf 74' lang='lat' dir='ltr'><strong>Diduccre,</strong></span> <span class='ocrx_word' id='word_1_125' title='bbox 790 1677 826 1705; x_wconf 88' lang='lat' dir='ltr'><strong>et</strong></span> <span class='ocrx_word' id='word_1_126' title='bbox 834 1670 944 1705; x_wconf 69' lang='lat' dir='ltr'><strong>M&#39;lou</strong></span> 
     </span>
     <span class='ocr_line' id='line_1_23' title="bbox 266 1722 593 1766; baseline 0.003 -11"><span class='ocrx_word' id='word_1_127' title='bbox 266 1734 330 1766; x_wconf 88' lang='lat' dir='ltr'><strong>pro</strong></span> <span class='ocrx_word' id='word_1_128' title='bbox 346 1722 441 1756; x_wconf 72' lang='lat' dir='ltr'><em>Mdo.</em></span> <span class='ocrx_word' id='word_1_129' title='bbox 460 1722 593 1756; x_wconf 79' lang='lat' dir='ltr'>HEINS.</span> 
     </span>
    </p>

    <p class='ocr_par' dir='ltr' id='par_1_11' title="bbox 264 1774 943 2134">
     <span class='ocr_line' id='line_1_24' title="bbox 308 1774 943 1820; baseline 0.005 -14"><span class='ocrx_word' id='word_1_130' title='bbox 308 1774 383 1807; x_wconf 80' lang='lat'>613.</span> <span class='ocrx_word' id='word_1_131' title='bbox 396 1775 600 1808; x_wconf 73' lang='lat' dir='ltr'><strong>Muneribus.</strong></span> <span class='ocrx_word' id='word_1_132' title='bbox 619 1774 737 1809; x_wconf 83' lang='lat' dir='ltr'><strong>Icarus</strong></span> <span class='ocrx_word' id='word_1_133' title='bbox 750 1800 759 1818; x_wconf 93' lang='lat'><strong>,</strong></span> <span class='ocrx_word' id='word_1_134' title='bbox 774 1774 943 1820; x_wconf 80' lang='lat' dir='ltr'><strong>Erigones</strong></span> 
     </span>
     <span class='ocr_line' id='line_1_25' title="bbox 265 1824 943 1870; baseline 0.003 -12"><span class='ocrx_word' id='word_1_135' title='bbox 265 1831 364 1870; x_wconf 84' lang='lat' dir='ltr'><strong>pater</strong></span> <span class='ocrx_word' id='word_1_136' title='bbox 383 1851 392 1868; x_wconf 85' lang='lat'>‚</span> <span class='ocrx_word' id='word_1_137' title='bbox 418 1837 527 1869; x_wconf 91' lang='lat' dir='ltr'><strong>quum</strong></span> <span class='ocrx_word' id='word_1_138' title='bbox 554 1824 679 1859; x_wconf 81' lang='lat' dir='ltr'><strong>Atticae</strong></span> <span class='ocrx_word' id='word_1_139' title='bbox 704 1825 844 1860; x_wconf 88' lang='lat' dir='ltr'><strong>colonos</strong></span> <span class='ocrx_word' id='word_1_140' title='bbox 870 1826 943 1860; x_wconf 86' lang='lat' dir='ltr'><strong>vini</strong></span> 
     </span>
     <span class='ocr_line' id='line_1_26' title="bbox 265 1877 941 1923; baseline 0 -11"><span class='ocrx_word' id='word_1_141' title='bbox 265 1890 367 1912; x_wconf 88' lang='lat' dir='ltr'><strong>usum</strong></span> <span class='ocrx_word' id='word_1_142' title='bbox 378 1878 548 1912; x_wconf 84' lang='lat' dir='ltr'><strong>docuisset</strong></span> <span class='ocrx_word' id='word_1_143' title='bbox 558 1903 567 1920; x_wconf 92' lang='lat'><strong>,</strong></span> <span class='ocrx_word' id='word_1_144' title='bbox 579 1877 626 1911; x_wconf 88' lang='lat' dir='ltr'><strong>illi</strong></span> <span class='ocrx_word' id='word_1_145' title='bbox 636 1877 800 1912; x_wconf 88' lang='lat' dir='ltr'><strong>inusitato</strong></span> <span class='ocrx_word' id='word_1_146' title='bbox 807 1878 941 1923; x_wconf 88' lang='lat' dir='ltr'><strong>liquore</strong></span> 
     </span>
     <span class='ocr_line' id='line_1_27' title="bbox 264 1929 943 1973; baseline 0.003 -10"><span class='ocrx_word' id='word_1_147' title='bbox 264 1929 366 1973; x_wconf 85' lang='lat' dir='ltr'><strong>ebrii,</strong></span> <span class='ocrx_word' id='word_1_148' title='bbox 377 1942 554 1964; x_wconf 89' lang='lat' dir='ltr'><strong>venenum</strong></span> <span class='ocrx_word' id='word_1_149' title='bbox 567 1929 687 1964; x_wconf 89' lang='lat' dir='ltr'><strong>datum</strong></span> <span class='ocrx_word' id='word_1_150' title='bbox 697 1931 760 1965; x_wconf 88' lang='lat' dir='ltr'><strong>sibi</strong></span> <span class='ocrx_word' id='word_1_151' title='bbox 773 1930 943 1965; x_wconf 82' lang='lat' dir='ltr'><strong>arbitran-</strong></span> 
     </span>
     <span class='ocr_line' id='line_1_28' title="bbox 265 1983 942 2028; baseline 0.004 -13"><span class='ocrx_word' id='word_1_152' title='bbox 265 1988 327 2024; x_wconf 93' lang='lat' dir='ltr'><strong>tes,</strong></span> <span class='ocrx_word' id='word_1_153' title='bbox 344 1994 425 2015; x_wconf 87' lang='lat' dir='ltr'><strong>eum</strong></span> <span class='ocrx_word' id='word_1_154' title='bbox 435 1989 684 2016; x_wconf 81' lang='lat' dir='ltr'><strong>necaruntuno</strong></span> <span class='ocrx_word' id='word_1_155' title='bbox 694 1983 942 2028; x_wconf 83' lang='lat' dir='ltr'><strong>impetuzcujus</strong></span> 
     </span>
     <span class='ocr_line' id='line_1_29' title="bbox 265 2034 941 2080; baseline 0.004 -13"><span class='ocrx_word' id='word_1_156' title='bbox 265 2041 377 2068; x_wconf 83' lang='lat' dir='ltr'><strong>morte</strong></span> <span class='ocrx_word' id='word_1_157' title='bbox 398 2034 513 2068; x_wconf 87' lang='lat' dir='ltr'><strong>audita</strong></span> <span class='ocrx_word' id='word_1_158' title='bbox 527 2061 536 2077; x_wconf 93' lang='lat'><strong>,</strong></span> <span class='ocrx_word' id='word_1_159' title='bbox 560 2034 713 2080; x_wconf 83' lang='lat' dir='ltr'><strong>Erigone</strong></span> <span class='ocrx_word' id='word_1_160' title='bbox 733 2035 802 2070; x_wconf 86' lang='lat' dir='ltr'><strong>filia</strong></span> <span class='ocrx_word' id='word_1_161' title='bbox 817 2036 941 2080; x_wconf 86' lang='lat' dir='ltr'><strong>laqueo</strong></span> 
     </span>
     <span class='ocr_line' id='line_1_30' title="bbox 265 2085 918 2134; baseline 0.005 -16"><span class='ocrx_word' id='word_1_162' title='bbox 265 2085 372 2119; x_wconf 86' lang='lat' dir='ltr'><strong>vitam</strong></span> <span class='ocrx_word' id='word_1_163' title='bbox 389 2085 522 2126; x_wconf 82' lang='lat' dir='ltr'><strong>finivit;</strong></span> <span class='ocrx_word' id='word_1_164' title='bbox 541 2086 724 2133; x_wconf 81' lang='lat' dir='ltr'><strong>Hyginus,</strong></span> <span class='ocrx_word' id='word_1_165' title='bbox 744 2086 827 2121; x_wconf 88' lang='lat' dir='ltr'><strong>Fab.</strong></span> <span class='ocrx_word' id='word_1_166' title='bbox 847 2088 918 2134; x_wconf 68' lang='lat'><strong>¹:⁹³⁰·</strong></span> 
     </span>
    </p>

    <p class='ocr_par' dir='ltr' id='par_1_12' title="bbox 261 2138 940 2224">
     <span class='ocr_line' id='line_1_31' title="bbox 307 2138 940 2174; baseline 0.003 -3"><span class='ocrx_word' id='word_1_167' title='bbox 307 2138 382 2171; x_wconf 73' lang='grc'><strong>616.</strong></span> <span class='ocrx_word' id='word_1_168' title='bbox 404 2139 528 2171; x_wconf 81' lang='lat' dir='ltr'><strong>Guttur</strong></span> <span class='ocrx_word' id='word_1_169' title='bbox 546 2145 612 2172; x_wconf 83' lang='lat' dir='ltr'><strong>eat.</strong></span> <span class='ocrx_word' id='word_1_170' title='bbox 636 2140 730 2172; x_wconf 83' lang='lat' dir='ltr'><strong>Eunt</strong></span> <span class='ocrx_word' id='word_1_171' title='bbox 745 2138 821 2172; x_wconf 88' lang='lat' dir='ltr'><strong>cod.</strong></span> <span class='ocrx_word' id='word_1_172' title='bbox 838 2139 940 2174; x_wconf 84' lang='lat' dir='ltr'><strong>Polit.</strong></span> 
     </span>
     <span class='ocr_line' id='line_1_32' title="bbox 261 2188 623 2224; baseline -0.003 -1"><span class='ocrx_word' id='word_1_173' title='bbox 261 2196 298 2223; x_wconf 83' lang='lat' dir='ltr'><strong>et</strong></span> <span class='ocrx_word' id='word_1_174' title='bbox 315 2189 385 2223; x_wconf 87' lang='lat' dir='ltr'><strong>duo</strong></span> <span class='ocrx_word' id='word_1_175' title='bbox 402 2188 467 2222; x_wconf 88' lang='lat' dir='ltr'><strong>alii.</strong></span> <span class='ocrx_word' id='word_1_176' title='bbox 489 2189 623 2224; x_wconf 70' lang='lat' dir='ltr'><strong>Hssms.</strong></span> 
     </span>
    </p>

    <p class='ocr_par' dir='ltr' id='par_1_13' title="bbox 260 2241 942 2701">
     <span class='ocr_line' id='line_1_33' title="bbox 305 2241 942 2286; baseline 0.002 -12"><span class='ocrx_word' id='word_1_177' title='bbox 305 2241 343 2274; x_wconf 84' lang='lat'><strong>61</strong></span> <span class='ocrx_word' id='word_1_178' title='bbox 352 2255 380 2286; x_wconf 86' lang='lat'><strong>7.</strong></span> <span class='ocrx_word' id='word_1_179' title='bbox 410 2241 670 2285; x_wconf 82' lang='lat' dir='ltr'><strong>Obstrictusque.</strong></span> <span class='ocrx_word' id='word_1_180' title='bbox 702 2241 942 2285; x_wconf 80' lang='lat' dir='ltr'><strong>Obstructoque</strong></span> 
     </span>
     <span class='ocr_line' id='line_1_34' title="bbox 262 2291 939 2326; baseline 0.001 -1"><span class='ocrx_word' id='word_1_181' title='bbox 262 2292 353 2326; x_wconf 85' lang='lat' dir='ltr'><strong>bene</strong></span> <span class='ocrx_word' id='word_1_182' title='bbox 368 2292 486 2325; x_wconf 89' lang='lat' dir='ltr'><strong>Jureti</strong></span> <span class='ocrx_word' id='word_1_183' title='bbox 504 2291 601 2326; x_wconf 89' lang='lat' dir='ltr'><strong>liber.</strong></span> <span class='ocrx_word' id='word_1_184' title='bbox 621 2292 671 2326; x_wconf 93' lang='lat' dir='ltr'><strong>H.</strong></span> <span class='ocrx_word' id='word_1_185' title='bbox 690 2310 733 2317; x_wconf 90' lang='lat'>—</span> <span class='ocrx_word' id='word_1_186' title='bbox 752 2294 939 2326; x_wconf 78' lang='lat' dir='ltr'><strong>Obstructa.</strong></span> 
     </span>
     <span class='ocr_line' id='line_1_35' title="bbox 263 2344 939 2379; baseline 0 -1"><span class='ocrx_word' id='word_1_187' title='bbox 263 2345 419 2378; x_wconf 88' lang='lat' dir='ltr'><strong>Tantum</strong></span> <span class='ocrx_word' id='word_1_188' title='bbox 431 2350 505 2378; x_wconf 86' lang='lat' dir='ltr'><strong>erat</strong></span> <span class='ocrx_word' id='word_1_189' title='bbox 518 2344 627 2378; x_wconf 88' lang='lat' dir='ltr'><strong>laudis</strong></span> <span class='ocrx_word' id='word_1_190' title='bbox 639 2344 767 2379; x_wconf 85' lang='lat' dir='ltr'><strong>bellicae</strong></span> <span class='ocrx_word' id='word_1_191' title='bbox 783 2345 939 2379; x_wconf 90' lang='lat' dir='ltr'><strong>studium</strong></span> 
     </span>
     <span class='ocr_line' id='line_1_36' title="bbox 261 2396 940 2441; baseline 0 -11"><span class='ocrx_word' id='word_1_192' title='bbox 261 2397 351 2441; x_wconf 86' lang='lat' dir='ltr'><strong>apud</strong></span> <span class='ocrx_word' id='word_1_193' title='bbox 365 2396 660 2440; x_wconf 69' lang='lat' dir='ltr'><strong>Lacedaemonioe,</strong></span> <span class='ocrx_word' id='word_1_194' title='bbox 673 2403 712 2430; x_wconf 89' lang='lat' dir='ltr'><strong>ut</strong></span> <span class='ocrx_word' id='word_1_195' title='bbox 721 2404 850 2431; x_wconf 87' lang='lat' dir='ltr'><strong>matres</strong></span> <span class='ocrx_word' id='word_1_196' title='bbox 862 2396 940 2431; x_wconf 85' lang='lat' dir='ltr'><strong>filiis</strong></span> 
     </span>
     <span class='ocr_line' id='line_1_37' title="bbox 260 2448 940 2494; baseline 0.001 -12"><span class='ocrx_word' id='word_1_197' title='bbox 260 2448 296 2482; x_wconf 85' lang='lat' dir='ltr'><strong>in</strong></span> <span class='ocrx_word' id='word_1_198' title='bbox 315 2449 422 2482; x_wconf 83' lang='lat' dir='ltr'><strong>aciem</strong></span> <span class='ocrx_word' id='word_1_199' title='bbox 441 2448 698 2493; x_wconf 85' lang='lat' dir='ltr'><strong>prodeuntibus</strong></span> <span class='ocrx_word' id='word_1_200' title='bbox 713 2456 808 2483; x_wconf 86' lang='lat' dir='ltr'><strong>scuta</strong></span> <span class='ocrx_word' id='word_1_201' title='bbox 824 2450 940 2494; x_wconf 86' lang='lat' dir='ltr'><strong>porri-</strong></span> 
     </span>
     <span class='ocr_line' id='line_1_38' title="bbox 261 2500 941 2545; baseline 0.003 -12"><span class='ocrx_word' id='word_1_202' title='bbox 261 2507 393 2545; x_wconf 84' lang='lat' dir='ltr'><strong>gentes,</strong></span> <span class='ocrx_word' id='word_1_203' title='bbox 405 2500 478 2534; x_wconf 89' lang='lat' dir='ltr'><strong>haec</strong></span> <span class='ocrx_word' id='word_1_204' title='bbox 489 2500 662 2535; x_wconf 82' lang='lat' dir='ltr'><strong>dicerent:</strong></span> <span class='ocrx_word' id='word_1_205' title='bbox 678 2515 694 2530; x_wconf 79' lang='grc' dir='ltr'><strong>α</strong></span> <span class='ocrx_word' id='word_1_206' title='bbox 706 2513 785 2535; x_wconf 90' lang='lat' dir='ltr'><strong>cum</strong></span> <span class='ocrx_word' id='word_1_207' title='bbox 801 2500 867 2543; x_wconf 89' lang='lat' dir='ltr'><strong>his,</strong></span> <span class='ocrx_word' id='word_1_208' title='bbox 881 2508 941 2535; x_wconf 81' lang='lat' dir='ltr'><strong>aut</strong></span> 
     </span>
     <span class='ocr_line' id='line_1_39' title="bbox 262 2551 938 2599; baseline 0.006 -16"><span class='ocrx_word' id='word_1_209' title='bbox 262 2551 419 2594; x_wconf 85' lang='lat' dir='ltr'><strong>victores,</strong></span> <span class='ocrx_word' id='word_1_210' title='bbox 429 2559 487 2586; x_wconf 91' lang='lat' dir='ltr'><strong>aut</strong></span> <span class='ocrx_word' id='word_1_211' title='bbox 498 2551 638 2587; x_wconf 85' lang='lat' dir='ltr'><strong>mortui.</strong></span> <span class='ocrx_word' id='word_1_212' title='bbox 651 2567 668 2582; x_wconf 89' lang='lat'>»</span> <span class='ocrx_word' id='word_1_213' title='bbox 678 2552 917 2599; x_wconf 80' lang='lat' dir='ltr'><strong>Eurysthenes</strong></span> <span class='ocrx_word' id='word_1_214' title='bbox 928 2579 938 2597; x_wconf 86' lang='lat'><strong>,</strong></span> 
     </span>
     <span class='ocr_line' id='line_1_40' title="bbox 264 2602 940 2647; baseline 0.004 -13"><span class='ocrx_word' id='word_1_215' title='bbox 264 2613 375 2646; x_wconf 88' lang='lat' dir='ltr'><strong>quum</strong></span> <span class='ocrx_word' id='word_1_216' title='bbox 384 2602 472 2636; x_wconf 86' lang='lat' dir='ltr'><strong>male</strong></span> <span class='ocrx_word' id='word_1_217' title='bbox 486 2610 681 2647; x_wconf 79' lang='lat' dir='ltr'><strong>pugnasset,</strong></span> <span class='ocrx_word' id='word_1_218' title='bbox 695 2603 840 2637; x_wconf 90' lang='lat' dir='ltr'><strong>domum</strong></span> <span class='ocrx_word' id='word_1_219' title='bbox 851 2615 940 2637; x_wconf 89' lang='lat' dir='ltr'><strong>sem-</strong></span> 
     </span>
     <span class='ocr_line' id='line_1_41' title="bbox 263 2653 937 2701; baseline 0.006 -15"><span class='ocrx_word' id='word_1_220' title='bbox 263 2653 402 2698; x_wconf 85' lang='lat' dir='ltr'><strong>piterno</strong></span> <span class='ocrx_word' id='word_1_221' title='bbox 430 2655 598 2689; x_wconf 82' lang='lat' dir='ltr'><strong>dedecore</strong></span> <span class='ocrx_word' id='word_1_222' title='bbox 629 2655 753 2690; x_wconf 83' lang='lat' dir='ltr'><strong>adfecit</strong></span> <span class='ocrx_word' id='word_1_223' title='bbox 768 2682 778 2699; x_wconf 87' lang='lat'><em>‚</em></span> <span class='ocrx_word' id='word_1_224' title='bbox 807 2669 874 2701; x_wconf 86' lang='lat' dir='ltr'><strong>qua</strong></span> <span class='ocrx_word' id='word_1_225' title='bbox 894 2655 937 2690; x_wconf 85' lang='lat' dir='ltr'><strong>de</strong></span> 
     </span>
    </p>
   </div>
   <div class='ocr_carea' id='block_1_10' title="bbox 262 2706 940 2802">
    <p class='ocr_par' dir='ltr' id='par_1_14' title="bbox 262 2706 940 2802">
     <span class='ocr_line' id='line_1_42' title="bbox 262 2706 940 2752; baseline 0.006 -12"><span class='ocrx_word' id='word_1_226' title='bbox 262 2718 363 2740; x_wconf 85' lang='lat' dir='ltr'><strong>causa</strong></span> <span class='ocrx_word' id='word_1_227' title='bbox 385 2713 498 2740; x_wconf 86' lang='lat' dir='ltr'><strong>mater</strong></span> <span class='ocrx_word' id='word_1_228' title='bbox 522 2706 699 2752; x_wconf 88' lang='lat' dir='ltr'><strong>indignata</strong></span> <span class='ocrx_word' id='word_1_229' title='bbox 712 2735 721 2751; x_wconf 94' lang='lat'><strong>‚</strong></span> <span class='ocrx_word' id='word_1_230' title='bbox 743 2722 825 2743; x_wconf 88' lang='lat' dir='ltr'><strong>eum</strong></span> <span class='ocrx_word' id='word_1_231' title='bbox 842 2709 940 2743; x_wconf 89' lang='lat' dir='ltr'><strong>clau-</strong></span> 
     </span>
     <span class='ocr_line' id='line_1_43' title="bbox 264 2756 939 2802; baseline 0.007 -12"><span class='ocrx_word' id='word_1_232' title='bbox 264 2770 342 2791; x_wconf 82' lang='lat' dir='ltr'><strong>sum</strong></span> <span class='ocrx_word' id='word_1_233' title='bbox 360 2756 475 2791; x_wconf 86' lang='lat' dir='ltr'><strong>inedia</strong></span> <span class='ocrx_word' id='word_1_234' title='bbox 499 2757 611 2802; x_wconf 87' lang='lat' dir='ltr'><strong>perire</strong></span> <span class='ocrx_word' id='word_1_235' title='bbox 634 2759 755 2802; x_wconf 85' lang='lat' dir='ltr'><strong>coegit.</strong></span> <span class='ocrx_word' id='word_1_236' title='bbox 775 2758 880 2794; x_wconf 77' lang='lat' dir='ltr'><strong>Dom.</strong></span> <span class='ocrx_word' id='word_1_237' title='bbox 896 2778 939 2785; x_wconf 90' lang='grc'><strong>-</strong></span> 
     </span>
    </p>
   </div>
   <div class='ocr_carea' id='block_1_11' title="bbox 1002 1415 1683 2803">
    <p class='ocr_par' dir='ltr' id='par_1_15' title="bbox 1002 1415 1683 2443">
     <span class='ocr_line' id='line_1_44' title="bbox 1009 1415 1682 1463; baseline 0.015 -16"><span class='ocrx_word' id='word_1_238' title='bbox 1009 1416 1140 1449; x_wconf 73' lang='lat' dir='ltr'><strong>limine</strong></span> <span class='ocrx_word' id='word_1_239' title='bbox 1145 1419 1234 1450; x_wconf 74' lang='lat' dir='ltr'><strong>lecti.</strong></span> <span class='ocrx_word' id='word_1_240' title='bbox 1248 1415 1316 1450; x_wconf 87' lang='lat' dir='ltr'><strong>Alii</strong></span> <span class='ocrx_word' id='word_1_241' title='bbox 1327 1425 1442 1452; x_wconf 85' lang='lat' dir='ltr'><strong>autem</strong></span> <span class='ocrx_word' id='word_1_242' title='bbox 1453 1444 1463 1463; x_wconf 93' lang='lat'><strong>,</strong></span> <span class='ocrx_word' id='word_1_243' title='bbox 1478 1422 1593 1455; x_wconf 77' lang='lat' dir='ltr'><strong>limine</strong></span> <span class='ocrx_word' id='word_1_244' title='bbox 1602 1427 1682 1457; x_wconf 82' lang='lat' dir='ltr'><strong>tem-</strong></span> 
     </span>
     <span class='ocr_line' id='line_1_45' title="bbox 1002 1468 1680 1516; baseline 0.013 -17"><span class='ocrx_word' id='word_1_245' title='bbox 1002 1469 1060 1509; x_wconf 79' lang='lat' dir='ltr'><strong>pli</strong></span> <span class='ocrx_word' id='word_1_246' title='bbox 1071 1474 1195 1511; x_wconf 90' lang='lat' dir='ltr'><strong>putant</strong></span> <span class='ocrx_word' id='word_1_247' title='bbox 1213 1468 1399 1513; x_wconf 88' lang='lat' dir='ltr'><strong>legendum</strong></span> <span class='ocrx_word' id='word_1_248' title='bbox 1414 1496 1423 1513; x_wconf 91' lang='lat'><strong>,</strong></span> <span class='ocrx_word' id='word_1_249' title='bbox 1451 1471 1617 1516; x_wconf 89' lang='lat' dir='ltr'><strong>quoniam</strong></span> <span class='ocrx_word' id='word_1_250' title='bbox 1636 1472 1680 1508; x_wconf 89' lang='lat' dir='ltr'><strong>de</strong></span> 
     </span>
     <span class='ocr_line' id='line_1_46' title="bbox 1010 1517 1681 1569; baseline 0.012 -18"><span class='ocrx_word' id='word_1_251' title='bbox 1010 1517 1180 1553; x_wconf 85' lang='lat' dir='ltr'><strong>Pausania</strong></span> <span class='ocrx_word' id='word_1_252' title='bbox 1192 1519 1416 1565; x_wconf 81' lang='lat' dir='ltr'><strong>intelligatur,</strong></span> <span class='ocrx_word' id='word_1_253' title='bbox 1428 1522 1486 1566; x_wconf 88' lang='lat' dir='ltr'><strong>qui</strong></span> <span class='ocrx_word' id='word_1_254' title='bbox 1501 1523 1537 1557; x_wconf 89' lang='lat' dir='ltr'><strong>in</strong></span> <span class='ocrx_word' id='word_1_255' title='bbox 1550 1524 1681 1569; x_wconf 82' lang='lat' dir='ltr'><strong>templo</strong></span> 
     </span>
     <span class='ocr_line' id='line_1_47' title="bbox 1008 1569 1680 1615; baseline 0.01 -13"><span class='ocrx_word' id='word_1_256' title='bbox 1008 1569 1180 1605; x_wconf 82' lang='lat' dir='ltr'><strong>Minervae</strong></span> <span class='ocrx_word' id='word_1_257' title='bbox 1217 1576 1389 1615; x_wconf 68' lang='grc' dir='ltr'><strong><em>χαλκιοίκου</em></strong></span> <span class='ocrx_word' id='word_1_258' title='bbox 1422 1573 1577 1609; x_wconf 85' lang='lat' dir='ltr'><strong>obsessus</strong></span> <span class='ocrx_word' id='word_1_259' title='bbox 1604 1575 1680 1610; x_wconf 81' lang='lat' dir='ltr'><strong>suit.</strong></span> 
     </span>
     <span class='ocr_line' id='line_1_48' title="bbox 1008 1620 1681 1670; baseline 0.01 -15"><span class='ocrx_word' id='word_1_260' title='bbox 1008 1620 1134 1656; x_wconf 85' lang='lat' dir='ltr'><strong>Scribit</strong></span> <span class='ocrx_word' id='word_1_261' title='bbox 1169 1629 1285 1656; x_wconf 84' lang='lat' dir='ltr'><strong>autem</strong></span> <span class='ocrx_word' id='word_1_262' title='bbox 1323 1623 1486 1659; x_wconf 86' lang='lat' dir='ltr'><strong>AEmilius</strong></span> <span class='ocrx_word' id='word_1_263' title='bbox 1518 1626 1653 1661; x_wconf 88' lang='lat' dir='ltr'><strong>Probus</strong></span> <span class='ocrx_word' id='word_1_264' title='bbox 1670 1653 1681 1670; x_wconf 86' lang='lat'>‚</span> 
     </span>
     <span class='ocr_line' id='line_1_49' title="bbox 1008 1674 1682 1719; baseline 0.01 -13"><span class='ocrx_word' id='word_1_265' title='bbox 1008 1679 1156 1707; x_wconf 89' lang='lat' dir='ltr'><strong>matrem</strong></span> <span class='ocrx_word' id='word_1_266' title='bbox 1177 1674 1356 1710; x_wconf 75' lang='lat' dir='ltr'><strong>Pausaniae</strong></span> <span class='ocrx_word' id='word_1_267' title='bbox 1370 1702 1380 1719; x_wconf 87' lang='lat'><strong>,</strong></span> <span class='ocrx_word' id='word_1_268' title='bbox 1406 1675 1598 1712; x_wconf 88' lang='lat' dir='ltr'><strong>Alcitbeam</strong></span> <span class='ocrx_word' id='word_1_269' title='bbox 1615 1691 1682 1713; x_wconf 87' lang='lat' dir='ltr'><strong>no-</strong></span> 
     </span>
     <span class='ocr_line' id='line_1_50' title="bbox 1007 1725 1683 1773; baseline 0.009 -15"><span class='ocrx_word' id='word_1_270' title='bbox 1007 1725 1102 1759; x_wconf 88' lang='lat' dir='ltr'><strong>mine</strong></span> <span class='ocrx_word' id='word_1_271' title='bbox 1112 1751 1121 1769; x_wconf 92' lang='lat'><strong>,</strong></span> <span class='ocrx_word' id='word_1_272' title='bbox 1141 1738 1248 1770; x_wconf 88' lang='lat' dir='ltr'><strong>quum</strong></span> <span class='ocrx_word' id='word_1_273' title='bbox 1260 1726 1314 1761; x_wconf 86' lang='lat' dir='ltr'><strong>ille</strong></span> <span class='ocrx_word' id='word_1_274' title='bbox 1325 1726 1361 1760; x_wconf 90' lang='lat' dir='ltr'><strong>in</strong></span> <span class='ocrx_word' id='word_1_275' title='bbox 1374 1728 1542 1773; x_wconf 89' lang='lat' dir='ltr'><strong>templum</strong></span> <span class='ocrx_word' id='word_1_276' title='bbox 1554 1729 1683 1764; x_wconf 83' lang='lat' dir='ltr'><strong>coufu-</strong></span> 
     </span>
     <span class='ocr_line' id='line_1_51' title="bbox 1007 1776 1680 1824; baseline 0.009 -14"><span class='ocrx_word' id='word_1_277' title='bbox 1007 1776 1109 1821; x_wconf 85' lang='lat' dir='ltr'><strong>gisset</strong></span> <span class='ocrx_word' id='word_1_278' title='bbox 1125 1803 1137 1820; x_wconf 82' lang='lat'><strong>,.</strong></span> <span class='ocrx_word' id='word_1_279' title='bbox 1161 1777 1351 1823; x_wconf 90' lang='lat' dir='ltr'><strong>ephorique</strong></span> <span class='ocrx_word' id='word_1_280' title='bbox 1384 1779 1476 1813; x_wconf 87' lang='lat' dir='ltr'><strong>fores</strong></span> <span class='ocrx_word' id='word_1_281' title='bbox 1506 1780 1680 1824; x_wconf 70' lang='lat' dir='ltr'><strong>aediculae,</strong></span> 
     </span>
     <span class='ocr_line' id='line_1_52' title="bbox 1006 1828 1680 1876; baseline 0.009 -15"><span class='ocrx_word' id='word_1_282' title='bbox 1006 1828 1065 1861; x_wconf 92' lang='lat' dir='ltr'><strong>ubi</strong></span> <span class='ocrx_word' id='word_1_283' title='bbox 1084 1828 1138 1862; x_wconf 89' lang='lat' dir='ltr'><strong>ille</strong></span> <span class='ocrx_word' id='word_1_284' title='bbox 1158 1829 1292 1864; x_wconf 88' lang='lat' dir='ltr'><strong>abditus</strong></span> <span class='ocrx_word' id='word_1_285' title='bbox 1315 1838 1389 1865; x_wconf 88' lang='lat' dir='ltr'><strong>erat</strong></span> <span class='ocrx_word' id='word_1_286' title='bbox 1405 1857 1414 1874; x_wconf 91' lang='lat'><strong>,</strong></span> <span class='ocrx_word' id='word_1_287' title='bbox 1433 1831 1654 1866; x_wconf 85' lang='lat' dir='ltr'><strong>obstruerent</strong></span> <span class='ocrx_word' id='word_1_288' title='bbox 1669 1859 1680 1876; x_wconf 87' lang='lat'>‚</span> 
     </span>
     <span class='ocr_line' id='line_1_53' title="bbox 1007 1880 1682 1929; baseline 0.01 -17"><span class='ocrx_word' id='word_1_289' title='bbox 1007 1892 1044 1913; x_wconf 90' lang='lat' dir='ltr'><strong>ac</strong></span> <span class='ocrx_word' id='word_1_290' title='bbox 1066 1886 1196 1914; x_wconf 88' lang='lat' dir='ltr'><strong>tectum</strong></span> <span class='ocrx_word' id='word_1_291' title='bbox 1212 1880 1466 1917; x_wconf 85' lang='lat' dir='ltr'><strong>demolirentur</strong></span> <span class='ocrx_word' id='word_1_292' title='bbox 1479 1910 1488 1925; x_wconf 91' lang='lat'><strong>,</strong></span> <span class='ocrx_word' id='word_1_293' title='bbox 1509 1889 1548 1917; x_wconf 90' lang='lat' dir='ltr'><strong>ut</strong></span> <span class='ocrx_word' id='word_1_294' title='bbox 1565 1884 1682 1929; x_wconf 86' lang='lat' dir='ltr'><strong>inopia</strong></span> 
     </span>
     <span class='ocr_line' id='line_1_54' title="bbox 1006 1932 1681 1980; baseline 0.007 -15"><span class='ocrx_word' id='word_1_295' title='bbox 1006 1944 1125 1965; x_wconf 89' lang='lat' dir='ltr'><strong>rerum</strong></span> <span class='ocrx_word' id='word_1_296' title='bbox 1137 1945 1174 1967; x_wconf 91' lang='lat' dir='ltr'><strong>ac</strong></span> <span class='ocrx_word' id='word_1_297' title='bbox 1180 1932 1271 1967; x_wconf 83' lang='lat' dir='ltr'><strong>fame</strong></span> <span class='ocrx_word' id='word_1_298' title='bbox 1282 1932 1498 1968; x_wconf 86' lang='lat' dir='ltr'><strong>laborantem</strong></span> <span class='ocrx_word' id='word_1_299' title='bbox 1507 1934 1573 1970; x_wconf 87' lang='lat' dir='ltr'><strong>hoc</strong></span> <span class='ocrx_word' id='word_1_300' title='bbox 1581 1942 1681 1980; x_wconf 82' lang='lat' dir='ltr'><strong>pacto</strong></span> 
     </span>
     <span class='ocr_line' id='line_1_55' title="bbox 1005 1983 1681 2030; baseline 0.006 -13"><span class='ocrx_word' id='word_1_301' title='bbox 1005 1983 1219 2018; x_wconf 87' lang='lat' dir='ltr'><strong>conficerent</strong></span> <span class='ocrx_word' id='word_1_302' title='bbox 1231 1998 1239 2026; x_wconf 92' lang='lat'>;</span> <span class='ocrx_word' id='word_1_303' title='bbox 1253 1991 1434 2030; x_wconf 86' lang='lat' dir='ltr'><strong>postquam</strong></span> <span class='ocrx_word' id='word_1_304' title='bbox 1449 1986 1491 2021; x_wconf 90' lang='lat' dir='ltr'><strong>de</strong></span> <span class='ocrx_word' id='word_1_305' title='bbox 1503 1987 1630 2021; x_wconf 77' lang='lat' dir='ltr'><strong>scelere</strong></span> <span class='ocrx_word' id='word_1_306' title='bbox 1642 1999 1681 2022; x_wconf 88' lang='lat' dir='ltr'><strong>ac</strong></span> 
     </span>
     <span class='ocr_line' id='line_1_56' title="bbox 1005 2035 1680 2083; baseline 0.007 -15"><span class='ocrx_word' id='word_1_307' title='bbox 1005 2035 1200 2080; x_wconf 85' lang='lat' dir='ltr'><strong>proditione</strong></span> <span class='ocrx_word' id='word_1_308' title='bbox 1231 2036 1292 2071; x_wconf 85' lang='lat' dir='ltr'><strong>filii</strong></span> <span class='ocrx_word' id='word_1_309' title='bbox 1322 2037 1545 2083; x_wconf 87' lang='lat' dir='ltr'><strong>comperisset</strong></span> <span class='ocrx_word' id='word_1_310' title='bbox 1563 2063 1572 2081; x_wconf 91' lang='lat'><strong>,</strong></span> <span class='ocrx_word' id='word_1_311' title='bbox 1600 2039 1680 2083; x_wconf 84' lang='lat' dir='ltr'><strong>pri-</strong></span> 
     </span>
     <span class='ocr_line' id='line_1_57' title="bbox 1004 2088 1679 2134; baseline 0.007 -13"><span class='ocrx_word' id='word_1_312' title='bbox 1004 2100 1103 2122; x_wconf 89' lang='lat' dir='ltr'><strong>mum</strong></span> <span class='ocrx_word' id='word_1_313' title='bbox 1117 2088 1266 2134; x_wconf 87' lang='lat' dir='ltr'><strong>lapidem</strong></span> <span class='ocrx_word' id='word_1_314' title='bbox 1279 2089 1320 2123; x_wconf 91' lang='lat' dir='ltr'><strong>ad</strong></span> <span class='ocrx_word' id='word_1_315' title='bbox 1337 2090 1573 2125; x_wconf 87' lang='lat' dir='ltr'><strong>obserandum</strong></span> <span class='ocrx_word' id='word_1_316' title='bbox 1585 2091 1679 2126; x_wconf 89' lang='lat' dir='ltr'><strong>illam</strong></span> 
     </span>
     <span class='ocr_line' id='line_1_58' title="bbox 1003 2139 1680 2186; baseline 0.006 -13"><span class='ocrx_word' id='word_1_317' title='bbox 1003 2139 1198 2184; x_wconf 76' lang='lat' dir='ltr'><strong>adportasse</strong></span> <span class='ocrx_word' id='word_1_318' title='bbox 1212 2167 1221 2184; x_wconf 91' lang='lat'><strong>,</strong></span> <span class='ocrx_word' id='word_1_319' title='bbox 1251 2141 1283 2175; x_wconf 93' lang='lat' dir='ltr'><strong>id</strong></span> <span class='ocrx_word' id='word_1_320' title='bbox 1304 2141 1398 2186; x_wconf 89' lang='lat' dir='ltr'><strong>quod</strong></span> <span class='ocrx_word' id='word_1_321' title='bbox 1419 2141 1474 2177; x_wconf 87' lang='lat' dir='ltr'><strong>hic</strong></span> <span class='ocrx_word' id='word_1_322' title='bbox 1492 2141 1598 2177; x_wconf 81' lang='lat' dir='ltr'><strong>Ovid.</strong></span> <span class='ocrx_word' id='word_1_323' title='bbox 1622 2143 1680 2177; x_wconf 78' lang='lat' dir='ltr'><strong>in-</strong></span> 
     </span>
     <span class='ocr_line' id='line_1_59' title="bbox 1004 2192 1679 2240; baseline 0.006 -15"><span class='ocrx_word' id='word_1_324' title='bbox 1004 2192 1100 2235; x_wconf 89' lang='lat' dir='ltr'><strong>nuit,</strong></span> <span class='ocrx_word' id='word_1_325' title='bbox 1114 2205 1222 2237; x_wconf 88' lang='lat' dir='ltr'><strong>quum</strong></span> <span class='ocrx_word' id='word_1_326' title='bbox 1236 2192 1439 2239; x_wconf 86' lang='lat' dir='ltr'><strong>dicitlegem</strong></span> <span class='ocrx_word' id='word_1_327' title='bbox 1451 2206 1561 2239; x_wconf 71' lang='lat' dir='ltr'><strong>poenoe</strong></span> <span class='ocrx_word' id='word_1_328' title='bbox 1569 2195 1679 2240; x_wconf 82' lang='lat' dir='ltr'><strong>ipsam</strong></span> 
     </span>
     <span class='ocr_line' id='line_1_60' title="bbox 1004 2244 1679 2287; baseline 0.006 -11"><span class='ocrx_word' id='word_1_329' title='bbox 1004 2250 1186 2287; x_wconf 73' lang='lat' dir='ltr'><strong>parentem</strong></span> <span class='ocrx_word' id='word_1_330' title='bbox 1198 2244 1342 2278; x_wconf 87' lang='lat' dir='ltr'><strong>dedisse.</strong></span> <span class='ocrx_word' id='word_1_331' title='bbox 1355 2245 1489 2280; x_wconf 86' lang='lat' dir='ltr'><strong>Verum</strong></span> <span class='ocrx_word' id='word_1_332' title='bbox 1500 2245 1536 2279; x_wconf 88' lang='lat' dir='ltr'><strong>in</strong></span> <span class='ocrx_word' id='word_1_333' title='bbox 1544 2244 1679 2285; x_wconf 80' lang='lat' dir='ltr'><strong>schedis</strong></span> 
     </span>
     <span class='ocr_line' id='line_1_61' title="bbox 1003 2294 1679 2341; baseline 0.003 -13"><span class='ocrx_word' id='word_1_334' title='bbox 1003 2294 1302 2330; x_wconf 87' lang='lat' dir='ltr'><strong>San-Victorianis</strong></span> <span class='ocrx_word' id='word_1_335' title='bbox 1313 2296 1450 2341; x_wconf 79' lang='lat' dir='ltr'><strong>legitur,</strong></span> <span class='ocrx_word' id='word_1_336' title='bbox 1461 2300 1533 2340; x_wconf 70' lang='lat' dir='ltr'><strong>Ipse</strong></span> <span class='ocrx_word' id='word_1_337' title='bbox 1537 2309 1660 2340; x_wconf 79' lang='lat' dir='ltr'><strong>pamas</strong></span> <span class='ocrx_word' id='word_1_338' title='bbox 1669 2310 1679 2330; x_wconf 80' lang='lat'><strong>.-</strong></span> 
     </span>
     <span class='ocr_line' id='line_1_62' title="bbox 1004 2346 1680 2393; baseline 0.004 -13"><span class='ocrx_word' id='word_1_339' title='bbox 1004 2346 1051 2381; x_wconf 90' lang='lat' dir='ltr'><strong>Et</strong></span> <span class='ocrx_word' id='word_1_340' title='bbox 1061 2354 1135 2381; x_wconf 87' lang='lat' dir='ltr'><strong>tum</strong></span> <span class='ocrx_word' id='word_1_341' title='bbox 1148 2348 1348 2393; x_wconf 80' lang='lat' dir='ltr'><strong>Agesilaum</strong></span> <span class='ocrx_word' id='word_1_342' title='bbox 1357 2348 1536 2382; x_wconf 73' lang='lat' dir='ltr'><strong>Pausaniae</strong></span> <span class='ocrx_word' id='word_1_343' title='bbox 1543 2355 1680 2393; x_wconf 83' lang='lat' dir='ltr'><strong>patrem</strong></span> 
     </span>
     <span class='ocr_line' id='line_1_63' title="bbox 1003 2399 1679 2443; baseline 0.004 -10"><span class='ocrx_word' id='word_1_344' title='bbox 1003 2399 1084 2434; x_wconf 83' lang='lat' dir='ltr'><strong>aedis</strong></span> <span class='ocrx_word' id='word_1_345' title='bbox 1099 2399 1191 2435; x_wconf 81' lang='lat' dir='ltr'><strong>fores</strong></span> <span class='ocrx_word' id='word_1_346' title='bbox 1205 2400 1388 2435; x_wconf 85' lang='lat' dir='ltr'><strong>occuluisse</strong></span> <span class='ocrx_word' id='word_1_347' title='bbox 1406 2399 1603 2443; x_wconf 83' lang='lat' dir='ltr'><strong>putandum</strong></span> <span class='ocrx_word' id='word_1_348' title='bbox 1618 2407 1679 2436; x_wconf 85' lang='lat' dir='ltr'><strong>est.</strong></span> 
     </span>
    </p>

    <p class='ocr_par' dir='ltr' id='par_1_16' title="bbox 1002 2451 1682 2743">
     <span class='ocr_line' id='line_1_64' title="bbox 1047 2451 1680 2499; baseline 0.005 -14"><span class='ocrx_word' id='word_1_349' title='bbox 1047 2452 1123 2499; x_wconf 80' lang='lat'><strong>619.</strong></span> <span class='ocrx_word' id='word_1_350' title='bbox 1147 2453 1246 2486; x_wconf 84' lang='lat' dir='ltr'><strong>Illius</strong></span> <span class='ocrx_word' id='word_1_351' title='bbox 1264 2453 1425 2493; x_wconf 60' lang='lat' dir='ltr'><strong>exemplo.</strong></span> <span class='ocrx_word' id='word_1_352' title='bbox 1450 2451 1680 2497; x_wconf 57' lang='lat' dir='ltr'><strong>Inte-lugenda</strong></span> 
     </span>
     <span class='ocr_line' id='line_1_65' title="bbox 1003 2502 1682 2547; baseline 0.003 -10"><span class='ocrx_word' id='word_1_353' title='bbox 1003 2502 1058 2537; x_wconf 85' lang='lat' dir='ltr'><strong>illa</strong></span> <span class='ocrx_word' id='word_1_354' title='bbox 1068 2509 1152 2537; x_wconf 83' lang='lat' dir='ltr'><strong>sunt</strong></span> <span class='ocrx_word' id='word_1_355' title='bbox 1161 2503 1204 2537; x_wconf 88' lang='lat' dir='ltr'><strong>de</strong></span> <span class='ocrx_word' id='word_1_356' title='bbox 1218 2502 1322 2546; x_wconf 71' lang='lat' dir='ltr'><strong>Aiace</strong></span> <span class='ocrx_word' id='word_1_357' title='bbox 1335 2502 1448 2545; x_wconf 81' lang='lat' dir='ltr'><strong>Oilei,</strong></span> <span class='ocrx_word' id='word_1_358' title='bbox 1460 2503 1538 2547; x_wconf 89' lang='lat' dir='ltr'><strong>qui,</strong></span> <span class='ocrx_word' id='word_1_359' title='bbox 1549 2504 1595 2538; x_wconf 90' lang='lat' dir='ltr'><strong>ob</strong></span> <span class='ocrx_word' id='word_1_360' title='bbox 1603 2504 1682 2539; x_wconf 83' lang='lat' dir='ltr'><strong>vio-</strong></span> 
     </span>
     <span class='ocr_line' id='line_1_66' title="bbox 1002 2553 1681 2599; baseline 0.004 -11"><span class='ocrx_word' id='word_1_361' title='bbox 1002 2555 1107 2589; x_wconf 88' lang='lat' dir='ltr'><strong>latam</strong></span> <span class='ocrx_word' id='word_1_362' title='bbox 1129 2553 1359 2589; x_wconf 85' lang='lat' dir='ltr'><strong>Cassandram</strong></span> <span class='ocrx_word' id='word_1_363' title='bbox 1382 2553 1417 2587; x_wconf 87' lang='lat' dir='ltr'><strong>in</strong></span> <span class='ocrx_word' id='word_1_364' title='bbox 1443 2554 1574 2599; x_wconf 85' lang='lat' dir='ltr'><strong>templo</strong></span> <span class='ocrx_word' id='word_1_365' title='bbox 1598 2555 1681 2592; x_wconf 82' lang='lat' dir='ltr'><strong>Pal-</strong></span> 
     </span>
     <span class='ocr_line' id='line_1_67' title="bbox 1002 2605 1680 2651; baseline 0.001 -11"><span class='ocrx_word' id='word_1_366' title='bbox 1002 2606 1087 2641; x_wconf 87' lang='lat' dir='ltr'><strong>ladis</strong></span> <span class='ocrx_word' id='word_1_367' title='bbox 1115 2606 1201 2640; x_wconf 84' lang='lat' dir='ltr'><strong>Deae</strong></span> <span class='ocrx_word' id='word_1_368' title='bbox 1218 2631 1228 2647; x_wconf 85' lang='lat'><strong>,</strong></span> <span class='ocrx_word' id='word_1_369' title='bbox 1253 2605 1476 2651; x_wconf 82' lang='lat' dir='ltr'><strong>naufragium</strong></span> <span class='ocrx_word' id='word_1_370' title='bbox 1501 2606 1611 2650; x_wconf 83' lang='lat' dir='ltr'><strong>fecit,</strong></span> <span class='ocrx_word' id='word_1_371' title='bbox 1639 2613 1680 2641; x_wconf 88' lang='lat' dir='ltr'><strong>ut</strong></span> 
     </span>
     <span class='ocr_line' id='line_1_68' title="bbox 1003 2656 1678 2697; baseline -0.001 -5"><span class='ocrx_word' id='word_1_372' title='bbox 1003 2665 1083 2692; x_wconf 83' lang='lat' dir='ltr'><strong>ante</strong></span> <span class='ocrx_word' id='word_1_373' title='bbox 1094 2664 1150 2697; x_wconf 36' lang='lat' dir='ltr'><strong>⁸est</strong></span> <span class='ocrx_word' id='word_1_374' title='bbox 1165 2656 1298 2692; x_wconf 85' lang='lat' dir='ltr'><strong>dictum</strong></span> <span class='ocrx_word' id='word_1_375' title='bbox 1313 2670 1353 2692; x_wconf 86' lang='lat' dir='ltr'><strong>ex</strong></span> <span class='ocrx_word' id='word_1_376' title='bbox 1368 2657 1543 2692; x_wconf 86' lang='lat' dir='ltr'><strong>sententia</strong></span> <span class='ocrx_word' id='word_1_377' title='bbox 1557 2665 1593 2693; x_wconf 84' lang='lat' dir='ltr'><strong>et</strong></span> <span class='ocrx_word' id='word_1_378' title='bbox 1604 2658 1678 2692; x_wconf 89' lang='lat' dir='ltr'><strong>Ho-</strong></span> 
     </span>
     <span class='ocr_line' id='line_1_69' title="bbox 1002 2707 1273 2743; baseline -0.007 0"><span class='ocrx_word' id='word_1_379' title='bbox 1002 2721 1088 2743; x_wconf 85' lang='lat' dir='ltr'><strong>mer.</strong></span> <span class='ocrx_word' id='word_1_380' title='bbox 1107 2716 1143 2742; x_wconf 89' lang='lat' dir='ltr'><strong>et</strong></span> <span class='ocrx_word' id='word_1_381' title='bbox 1158 2707 1273 2742; x_wconf 88' lang='lat' dir='ltr'><strong>Strab.</strong></span> 
     </span>
    </p>

    <p class='ocr_par' dir='ltr' id='par_1_17' title="bbox 1045 2759 1675 2803">
     <span class='ocr_line' id='line_1_70' title="bbox 1045 2759 1675 2803; baseline 0 -9"><span class='ocrx_word' id='word_1_382' title='bbox 1045 2760 1119 2794; x_wconf 78' lang='lat'><strong>621.</strong></span> <span class='ocrx_word' id='word_1_383' title='bbox 1145 2761 1352 2803; x_wconf 69' lang='lat' dir='ltr'><strong>Naupliadae.</strong></span> <span class='ocrx_word' id='word_1_384' title='bbox 1378 2760 1580 2796; x_wconf 86' lang='lat' dir='ltr'><strong>Palamedes</strong></span> <span class='ocrx_word' id='word_1_385' title='bbox 1601 2759 1675 2794; x_wconf 91' lang='lat' dir='ltr'><strong>cri—</strong></span> 
     </span>
    </p>
   </div>
  </div>
 </body>
</html>
