<?xml version="1.0" encoding="UTF-8"?>
<!DOCTYPE html PUBLIC "-//W3C//DTD XHTML 1.0 Transitional//EN"
    "http://www.w3.org/TR/xhtml1/DTD/xhtml1-transitional.dtd">
<html xmlns="http://www.w3.org/1999/xhtml" xml:lang="en" lang="en">
 <head>
  <title>
</title>
<meta http-equiv="Content-Type" content="text/html;charset=utf-8" />
  <meta name='ocr-system' content='tesseract 3.04.00' />
  <meta name='ocr-capabilities' content='ocr_page ocr_carea ocr_par ocr_line ocrx_word'/>
</head>
<body>
  <div class='ocr_page' id='page_1' title='image "./quaeextantomniao08oviduoft_0237.png"; bbox 0 0 1794 3100; ppageno 0'>
   <div class='ocr_carea' id='block_1_1' title="bbox 587 231 1584 302">
    <p class='ocr_par' dir='ltr' id='par_1_1' title="bbox 587 231 1584 302">
     <span class='ocr_line' id='line_1_1' title="bbox 587 231 1584 302; baseline 0.01 -28"><span class='ocrx_word' id='word_1_1' title='bbox 587 231 716 276; x_wconf 85' lang='lat' dir='ltr'><strong>PER</strong></span> <span class='ocrx_word' id='word_1_2' title='bbox 750 234 791 276; x_wconf 84' lang='lat' dir='ltr'><strong>J.</strong></span> <span class='ocrx_word' id='word_1_3' title='bbox 830 232 1134 279; x_wconf 86' lang='lat' dir='ltr'><strong>MASSON.</strong></span> <span class='ocrx_word' id='word_1_4' title='bbox 1497 255 1584 302; x_wconf 82' lang='lat'><strong>227</strong></span> 
     </span>
    </p>
   </div>
   <div class='ocr_carea' id='block_1_2' title="bbox 148 323 1583 787">
    <p class='ocr_par' dir='ltr' id='par_1_2' title="bbox 148 323 1583 787">
     <span class='ocr_line' id='line_1_2' title="bbox 152 323 1578 394; baseline 0.005 -18"><span class='ocrx_word' id='word_1_5' title='bbox 152 326 463 394; x_wconf 46' lang='lat' dir='ltr'><strong>functi-,atque</strong></span> <span class='ocrx_word' id='word_1_6' title='bbox 479 327 672 375; x_wconf 68' lang='lat' dir='ltr'><strong>sexennio</strong></span> <span class='ocrx_word' id='word_1_7' title='bbox 687 326 828 375; x_wconf 80' lang='lat' dir='ltr'><strong>exsilii</strong></span> <span class='ocrx_word' id='word_1_8' title='bbox 843 327 1037 377; x_wconf 80' lang='lat' dir='ltr'>Nasonis</span> <span class='ocrx_word' id='word_1_9' title='bbox 1055 366 1066 386; x_wconf 98' lang='lat'><strong>,</strong></span> <span class='ocrx_word' id='word_1_10' title='bbox 1093 323 1161 376; x_wconf 86' lang='lat' dir='ltr'><strong>uti</strong></span> <span class='ocrx_word' id='word_1_11' title='bbox 1179 328 1266 393; x_wconf 89' lang='lat' dir='ltr'><strong>jam</strong></span> <span class='ocrx_word' id='word_1_12' title='bbox 1280 328 1336 378; x_wconf 88' lang='lat' dir='ltr'><strong>ad</strong></span> <span class='ocrx_word' id='word_1_13' title='bbox 1355 350 1424 379; x_wconf 83' lang='lat' dir='ltr'><strong>an.</strong></span> <span class='ocrx_word' id='word_1_14' title='bbox 1445 333 1501 380; x_wconf 92' lang='lat' dir='ltr'><strong>U.</strong></span> <span class='ocrx_word' id='word_1_15' title='bbox 1527 335 1578 383; x_wconf 88' lang='lat' dir='ltr'><strong>C.</strong></span> 
     </span>
     <span class='ocr_line' id='line_1_3' title="bbox 153 399 1581 465; baseline 0.003 -9"><span class='ocrx_word' id='word_1_16' title='bbox 153 399 368 465; x_wconf 63' lang='lat' dir='ltr'><strong>noemi,</strong></span> <span class='ocrx_word' id='word_1_17' title='bbox 390 424 435 454; x_wconf 79' lang='lat' dir='ltr'><strong>n.</strong></span> <span class='ocrx_word' id='word_1_18' title='bbox 457 404 487 453; x_wconf 83' lang='lat'>3</span> <span class='ocrx_word' id='word_1_19' title='bbox 511 411 522 431; x_wconf 84' lang='lat'><em>¹</em></span> <span class='ocrx_word' id='word_1_20' title='bbox 544 406 835 456; x_wconf 82' lang='lat' dir='ltr'><strong>indicavimus</strong></span> <span class='ocrx_word' id='word_1_21' title='bbox 857 427 866 455; x_wconf 88' lang='lat'>:</span> <span class='ocrx_word' id='word_1_22' title='bbox 889 407 981 456; x_wconf 82' lang='lat' dir='ltr'><strong>scil.</strong></span> <span class='ocrx_word' id='word_1_23' title='bbox 1008 410 1171 457; x_wconf 85' lang='lat' dir='ltr'><strong>Noster</strong></span> <span class='ocrx_word' id='word_1_24' title='bbox 1187 409 1307 457; x_wconf 88' lang='lat' dir='ltr'><strong>canit</strong></span> <span class='ocrx_word' id='word_1_25' title='bbox 1322 429 1385 460; x_wconf 87' lang='lat' dir='ltr'><strong>vs.</strong></span> <span class='ocrx_word' id='word_1_26' title='bbox 1408 411 1436 457; x_wconf 89' lang='lat'>5</span> <span class='ocrx_word' id='word_1_27' title='bbox 1461 424 1504 460; x_wconf 89' lang='lat' dir='ltr'><strong>et</strong></span> <span class='ocrx_word' id='word_1_28' title='bbox 1520 411 1550 459; x_wconf 88' lang='grc'>6</span> <span class='ocrx_word' id='word_1_29' title='bbox 1571 433 1581 460; x_wconf 84' lang='grc'>;</span> 
     </span>
     <span class='ocr_line' id='line_1_4' title="bbox 375 503 1314 560; baseline 0.006 -22"><span class='ocrx_word' id='word_1_30' title='bbox 375 503 418 539; x_wconf 86' lang='lat' dir='ltr'><strong>In</strong></span> <span class='ocrx_word' id='word_1_31' title='bbox 438 503 582 552; x_wconf 80' lang='lat' dir='ltr'><strong>Scythia</strong></span> <span class='ocrx_word' id='word_1_32' title='bbox 597 504 699 540; x_wconf 79' lang='lat' dir='ltr'><strong>nohis</strong></span> <span class='ocrx_word' id='word_1_33' title='bbox 714 508 935 551; x_wconf 73' lang='lat' dir='ltr'><strong>quinquennis</strong></span> <span class='ocrx_word' id='word_1_34' title='bbox 953 507 1130 560; x_wconf 58' lang='lat' dir='ltr'><strong>Olympias</strong></span> <span class='ocrx_word' id='word_1_35' title='bbox 1145 514 1220 543; x_wconf 88' lang='lat' dir='ltr'><strong>acta</strong></span> <span class='ocrx_word' id='word_1_36' title='bbox 1238 516 1289 544; x_wconf 86' lang='lat' dir='ltr'><strong>est</strong></span> <span class='ocrx_word' id='word_1_37' title='bbox 1305 521 1314 544; x_wconf 78' lang='lat' dir='ltr'><strong><em>z</em></strong></span> 
     </span>
     <span class='ocr_line' id='line_1_5' title="bbox 413 565 1118 612; baseline 0.004 -12"><span class='ocrx_word' id='word_1_38' title='bbox 413 565 499 601; x_wconf 82' lang='lat' dir='ltr'><strong>Jam</strong></span> <span class='ocrx_word' id='word_1_39' title='bbox 515 572 652 612; x_wconf 88' lang='lat' dir='ltr'><strong>tempus</strong></span> <span class='ocrx_word' id='word_1_40' title='bbox 665 570 768 602; x_wconf 75' lang='lat' dir='ltr'><strong>lustri</strong></span> <span class='ocrx_word' id='word_1_41' title='bbox 777 568 901 603; x_wconf 80' lang='lat' dir='ltr'><strong>transit</strong></span> <span class='ocrx_word' id='word_1_42' title='bbox 916 569 953 602; x_wconf 86' lang='lat' dir='ltr'><strong>in</strong></span> <span class='ocrx_word' id='word_1_43' title='bbox 968 571 1118 604; x_wconf 76' lang='lat' dir='ltr'><strong>alterius.</strong></span> 
     </span>
     <span class='ocr_line' id='line_1_6' title="bbox 151 643 1582 712; baseline 0.006 -20"><span class='ocrx_word' id='word_1_44' title='bbox 151 643 317 712; x_wconf 76' lang='lat' dir='ltr'><strong>quibus</strong></span> <span class='ocrx_word' id='word_1_45' title='bbox 340 644 615 694; x_wconf 82' lang='lat' dir='ltr'><strong>ostendimus</strong></span> <span class='ocrx_word' id='word_1_46' title='bbox 640 646 878 710; x_wconf 86' lang='lat' dir='ltr'><strong>significari</strong></span> <span class='ocrx_word' id='word_1_47' title='bbox 902 686 914 706; x_wconf 93' lang='lat'><strong>,</strong></span> <span class='ocrx_word' id='word_1_48' title='bbox 949 660 1043 696; x_wconf 89' lang='lat' dir='ltr'><strong>tum</strong></span> <span class='ocrx_word' id='word_1_49' title='bbox 1076 648 1249 696; x_wconf 82' lang='lat' dir='ltr'><strong>alterum</strong></span> <span class='ocrx_word' id='word_1_50' title='bbox 1279 650 1449 699; x_wconf 80' lang='lat' dir='ltr'><strong>lustrum</strong></span> <span class='ocrx_word' id='word_1_51' title='bbox 1468 689 1479 709; x_wconf 93' lang='lat'><strong>,</strong></span> <span class='ocrx_word' id='word_1_52' title='bbox 1506 671 1582 701; x_wconf 87' lang='lat' dir='ltr'><strong>seu</strong></span> 
     </span>
     <span class='ocr_line' id='line_1_7' title="bbox 148 721 1583 787; baseline 0.005 -17"><span class='ocrx_word' id='word_1_53' title='bbox 148 730 309 770; x_wconf 59' lang='lat' dir='ltr'><strong>sem</strong></span> <span class='ocrx_word' id='word_1_54' title='bbox 330 721 471 770; x_wconf 80' lang='lat' dir='ltr'><strong>exsilii</strong></span> <span class='ocrx_word' id='word_1_55' title='bbox 507 722 718 771; x_wconf 80' lang='lat' dir='ltr'><strong>Ovidiani</strong></span> <span class='ocrx_word' id='word_1_56' title='bbox 751 743 914 772; x_wconf 87' lang='lat' dir='ltr'><strong>annum</strong></span> <span class='ocrx_word' id='word_1_57' title='bbox 949 724 1084 772; x_wconf 76' lang='lat' dir='ltr'><strong>modo</strong></span> <span class='ocrx_word' id='word_1_58' title='bbox 1122 724 1379 774; x_wconf 87' lang='lat' dir='ltr'><strong>inchoatum</strong></span> <span class='ocrx_word' id='word_1_59' title='bbox 1412 726 1548 777; x_wconf 85' lang='lat' dir='ltr'><strong>fuisse</strong></span> <span class='ocrx_word' id='word_1_60' title='bbox 1571 768 1583 787; x_wconf 79' lang='lat'><strong>,</strong></span> 
     </span>
    </p>
   </div>
   <div class='ocr_carea' id='block_1_3' title="bbox 149 801 1582 945">
    <p class='ocr_par' dir='ltr' id='par_1_3' title="bbox 149 801 1582 945">
     <span class='ocr_line' id='line_1_8' title="bbox 150 801 1582 869; baseline 0.006 -22"><span class='ocrx_word' id='word_1_61' title='bbox 150 809 287 866; x_wconf 71' lang='lat' dir='ltr'><strong>quum</strong></span> <span class='ocrx_word' id='word_1_62' title='bbox 303 801 470 850; x_wconf 58' lang='lat' dir='ltr'><strong>Noster</strong></span> <span class='ocrx_word' id='word_1_63' title='bbox 485 818 533 848; x_wconf 83' lang='lat' dir='ltr'><strong>ea</strong></span> <span class='ocrx_word' id='word_1_64' title='bbox 545 801 768 850; x_wconf 85' lang='lat' dir='ltr'><strong>scriberet.</strong></span> <span class='ocrx_word' id='word_1_65' title='bbox 790 802 928 866; x_wconf 81' lang='lat' dir='ltr'><strong>Quod</strong></span> <span class='ocrx_word' id='word_1_66' title='bbox 947 803 1269 869; x_wconf 79' lang='lat' dir='ltr'><strong>subsequentes</strong></span> <span class='ocrx_word' id='word_1_67' title='bbox 1281 803 1335 853; x_wconf 88' lang='lat' dir='ltr'><strong>de</strong></span> <span class='ocrx_word' id='word_1_68' title='bbox 1349 806 1554 868; x_wconf 86' lang='lat' dir='ltr'><strong>Augusto</strong></span> <span class='ocrx_word' id='word_1_69' title='bbox 1571 845 1582 866; x_wconf 95' lang='lat'><strong>,</strong></span> 
     </span>
     <span class='ocr_line' id='line_1_9' title="bbox 149 878 1242 945; baseline 0.003 -20"><span class='ocrx_word' id='word_1_70' title='bbox 149 894 233 925; x_wconf 66' lang='lat' dir='ltr'><strong>ceu</strong></span> <span class='ocrx_word' id='word_1_71' title='bbox 251 891 394 945; x_wconf 72' lang='lat' dir='ltr'><strong>nuper</strong></span> <span class='ocrx_word' id='word_1_72' title='bbox 414 888 592 927; x_wconf 82' lang='lat' dir='ltr'><strong>mortuo</strong></span> <span class='ocrx_word' id='word_1_73' title='bbox 606 917 618 937; x_wconf 98' lang='lat'><strong>,</strong></span> <span class='ocrx_word' id='word_1_74' title='bbox 640 878 904 927; x_wconf 84' lang='lat' dir='ltr'><strong>confirmant</strong></span> <span class='ocrx_word' id='word_1_75' title='bbox 925 899 1034 929; x_wconf 87' lang='lat' dir='ltr'><strong>vers.</strong></span> <span class='ocrx_word' id='word_1_76' title='bbox 1068 879 1211 927; x_wconf 86' lang='lat'>15—18</span> <span class='ocrx_word' id='word_1_77' title='bbox 1233 901 1242 928; x_wconf 91' lang='lat'>:</span> 
     </span>
    </p>
   </div>
   <div class='ocr_carea' id='block_1_4' title="bbox 144 967 1588 1775">
    <p class='ocr_par' dir='ltr' id='par_1_4' title="bbox 144 967 1588 1775">
     <span class='ocr_line' id='line_1_10' title="bbox 375 967 1249 1025; baseline 0.005 -14"><span class='ocrx_word' id='word_1_78' title='bbox 375 974 540 1022; x_wconf 83' lang='lat' dir='ltr'><strong>Coeperat</strong></span> <span class='ocrx_word' id='word_1_79' title='bbox 559 978 735 1022; x_wconf 73' lang='lat' dir='ltr'><strong>Augustus</strong></span> <span class='ocrx_word' id='word_1_80' title='bbox 751 967 905 1024; x_wconf 78' lang='lat' dir='ltr'><strong>deceptae</strong></span> <span class='ocrx_word' id='word_1_81' title='bbox 922 979 1101 1025; x_wconf 83' lang='lat' dir='ltr'><strong>ignoscere</strong></span> <span class='ocrx_word' id='word_1_82' title='bbox 1117 979 1226 1025; x_wconf 81' lang='lat' dir='ltr'><strong>culpae</strong></span> <span class='ocrx_word' id='word_1_83' title='bbox 1240 994 1249 1022; x_wconf 88' lang='lat'>;</span> 
     </span>
     <span class='ocr_line' id='line_1_11' title="bbox 415 1037 1177 1091; baseline 0.003 -17"><span class='ocrx_word' id='word_1_84' title='bbox 415 1037 524 1084; x_wconf 81' lang='lat' dir='ltr'><strong>Spem</strong></span> <span class='ocrx_word' id='word_1_85' title='bbox 542 1046 697 1074; x_wconf 82' lang='lat' dir='ltr'><strong>nostram</strong></span> <span class='ocrx_word' id='word_1_86' title='bbox 713 1047 820 1074; x_wconf 83' lang='lat' dir='ltr'><strong>terras</strong></span> <span class='ocrx_word' id='word_1_87' title='bbox 835 1042 1045 1091; x_wconf 70' lang='lat' dir='ltr'><strong>deseruitque</strong></span> <span class='ocrx_word' id='word_1_88' title='bbox 1062 1041 1177 1076; x_wconf 82' lang='lat' dir='ltr'><strong>simul.</strong></span> 
     </span>
     <span class='ocr_line' id='line_1_12' title="bbox 371 1099 1261 1146; baseline 0.003 -12"><span class='ocrx_word' id='word_1_89' title='bbox 371 1099 490 1146; x_wconf 77' lang='lat' dir='ltr'><strong>Quale</strong></span> <span class='ocrx_word' id='word_1_90' title='bbox 506 1107 626 1135; x_wconf 82' lang='lat' dir='ltr'><strong>tamen</strong></span> <span class='ocrx_word' id='word_1_91' title='bbox 644 1100 742 1146; x_wconf 89' lang='lat' dir='ltr'><strong>potui</strong></span> <span class='ocrx_word' id='word_1_92' title='bbox 759 1100 802 1135; x_wconf 86' lang='lat' dir='ltr'><strong>de</strong></span> <span class='ocrx_word' id='word_1_93' title='bbox 822 1103 938 1136; x_wconf 78' lang='lat' dir='ltr'><strong>Caelite</strong></span> <span class='ocrx_word' id='word_1_94' title='bbox 950 1129 959 1143; x_wconf 86' lang='lat'><strong>,</strong></span> <span class='ocrx_word' id='word_1_95' title='bbox 981 1101 1092 1137; x_wconf 87' lang='lat' dir='ltr'><strong>Brute</strong></span> <span class='ocrx_word' id='word_1_96' title='bbox 1103 1129 1113 1145; x_wconf 94' lang='lat'><strong>,</strong></span> <span class='ocrx_word' id='word_1_97' title='bbox 1131 1106 1261 1137; x_wconf 80' lang='lat' dir='ltr'><strong>recenti</strong></span> 
     </span>
     <span class='ocr_line' id='line_1_13' title="bbox 417 1160 1344 1209; baseline 0.005 -14"><span class='ocrx_word' id='word_1_98' title='bbox 417 1160 543 1196; x_wconf 81' lang='lat' dir='ltr'><strong>Vestra</strong></span> <span class='ocrx_word' id='word_1_99' title='bbox 558 1163 574 1182; x_wconf 84' lang='lat'>²</span> <span class='ocrx_word' id='word_1_100' title='bbox 590 1162 711 1208; x_wconf 87' lang='lat' dir='ltr'><strong>procul</strong></span> <span class='ocrx_word' id='word_1_101' title='bbox 729 1162 860 1208; x_wconf 86' lang='lat' dir='ltr'><strong>positus</strong></span> <span class='ocrx_word' id='word_1_102' title='bbox 875 1177 1008 1198; x_wconf 81' lang='lat' dir='ltr'><strong>carmen</strong></span> <span class='ocrx_word' id='word_1_103' title='bbox 1030 1164 1065 1198; x_wconf 86' lang='lat' dir='ltr'><strong>iu</strong></span> <span class='ocrx_word' id='word_1_104' title='bbox 1084 1177 1145 1199; x_wconf 90' lang='lat' dir='ltr'><strong>ora</strong></span> <span class='ocrx_word' id='word_1_105' title='bbox 1161 1164 1262 1209; x_wconf 84' lang='lat' dir='ltr'><strong>dedi,</strong></span> <span class='ocrx_word' id='word_1_106' title='bbox 1279 1172 1344 1200; x_wconf 86' lang='lat' dir='ltr'><strong>etc.</strong></span> 
     </span>
     <span class='ocr_line' id='line_1_14' title="bbox 148 1239 1585 1307; baseline 0.003 -18"><span class='ocrx_word' id='word_1_107' title='bbox 148 1259 247 1307; x_wconf 86' lang='lat' dir='ltr'><strong>quae</strong></span> <span class='ocrx_word' id='word_1_108' title='bbox 262 1239 425 1288; x_wconf 85' lang='lat' dir='ltr'><strong>docent</strong></span> <span class='ocrx_word' id='word_1_109' title='bbox 439 1258 573 1288; x_wconf 83' lang='lat' dir='ltr'><strong>recens</strong></span> <span class='ocrx_word' id='word_1_110' title='bbox 589 1241 844 1302; x_wconf 88' lang='lat' dir='ltr'><strong>Augustum</strong></span> <span class='ocrx_word' id='word_1_111' title='bbox 861 1240 1111 1300; x_wconf 87' lang='lat' dir='ltr'><strong>decessisse,</strong></span> <span class='ocrx_word' id='word_1_112' title='bbox 1127 1261 1175 1290; x_wconf 89' lang='lat' dir='ltr'><strong>ac</strong></span> <span class='ocrx_word' id='word_1_113' title='bbox 1195 1242 1241 1290; x_wconf 90' lang='lat' dir='ltr'><strong>in</strong></span> <span class='ocrx_word' id='word_1_114' title='bbox 1253 1243 1388 1291; x_wconf 74' lang='lat' dir='ltr'><strong>Divos</strong></span> <span class='ocrx_word' id='word_1_115' title='bbox 1399 1243 1585 1293; x_wconf 83' lang='lat' dir='ltr'><strong>relatum</strong></span> 
     </span>
     <span class='ocr_line' id='line_1_15' title="bbox 145 1317 1587 1385; baseline 0.003 -19"><span class='ocrx_word' id='word_1_116' title='bbox 145 1337 255 1371; x_wconf 82' lang='lat' dir='ltr'><strong>esse.</strong></span> <span class='ocrx_word' id='word_1_117' title='bbox 282 1319 347 1366; x_wconf 90' lang='lat' dir='ltr'><strong>Ut</strong></span> <span class='ocrx_word' id='word_1_118' title='bbox 370 1317 562 1368; x_wconf 89' lang='lat' dir='ltr'><strong>Ovidius</strong></span> <span class='ocrx_word' id='word_1_119' title='bbox 585 1318 656 1366; x_wconf 89' lang='lat' dir='ltr'><strong>vix</strong></span> <span class='ocrx_word' id='word_1_120' title='bbox 674 1331 774 1367; x_wconf 85' lang='lat' dir='ltr'><strong>ante</strong></span> <span class='ocrx_word' id='word_1_121' title='bbox 792 1318 1039 1385; x_wconf 82' lang='lat' dir='ltr'><strong>Septembris</strong></span> <span class='ocrx_word' id='word_1_122' title='bbox 1056 1319 1188 1367; x_wconf 88' lang='lat' dir='ltr'><strong>finem</strong></span> <span class='ocrx_word' id='word_1_123' title='bbox 1206 1319 1300 1368; x_wconf 88' lang='lat' dir='ltr'><strong>haec</strong></span> <span class='ocrx_word' id='word_1_124' title='bbox 1319 1321 1375 1367; x_wconf 88' lang='lat' dir='ltr'><strong>ad</strong></span> <span class='ocrx_word' id='word_1_125' title='bbox 1395 1323 1587 1371; x_wconf 83' lang='lat' dir='ltr'><strong>Brutum</strong></span> 
     </span>
     <span class='ocr_line' id='line_1_16' title="bbox 147 1397 1588 1466; baseline 0.001 -19"><span class='ocrx_word' id='word_1_126' title='bbox 147 1397 323 1447; x_wconf 86' lang='lat' dir='ltr'><strong>mittere</strong></span> <span class='ocrx_word' id='word_1_127' title='bbox 343 1397 562 1465; x_wconf 82' lang='lat' dir='ltr'><strong>potuerit;</strong></span> <span class='ocrx_word' id='word_1_128' title='bbox 590 1416 728 1464; x_wconf 90' lang='lat' dir='ltr'><strong>quum</strong></span> <span class='ocrx_word' id='word_1_129' title='bbox 745 1398 910 1446; x_wconf 85' lang='lat' dir='ltr'><strong>Noster</strong></span> <span class='ocrx_word' id='word_1_130' title='bbox 933 1409 1121 1446; x_wconf 85' lang='lat' dir='ltr'><strong>testetur</strong></span> <span class='ocrx_word' id='word_1_131' title='bbox 1139 1416 1185 1446; x_wconf 91' lang='lat' dir='ltr'><strong>se</strong></span> <span class='ocrx_word' id='word_1_132' title='bbox 1202 1398 1288 1461; x_wconf 86' lang='lat' dir='ltr'><strong>jam</strong></span> <span class='ocrx_word' id='word_1_133' title='bbox 1308 1410 1409 1447; x_wconf 84' lang='lat' dir='ltr'><strong>ante</strong></span> <span class='ocrx_word' id='word_1_134' title='bbox 1430 1419 1588 1466; x_wconf 84' lang='lat' dir='ltr'><strong>poema</strong></span> 
     </span>
     <span class='ocr_line' id='line_1_17' title="bbox 147 1473 1585 1542; baseline 0.001 -18"><span class='ocrx_word' id='word_1_135' title='bbox 147 1475 200 1525; x_wconf 78' lang='lat' dir='ltr'><strong>de</strong></span> <span class='ocrx_word' id='word_1_136' title='bbox 222 1476 433 1538; x_wconf 73' lang='lat' dir='ltr'><strong>Augusto</strong></span> <span class='ocrx_word' id='word_1_137' title='bbox 450 1474 575 1524; x_wconf 68' lang='lat' dir='ltr'><strong>Divis</strong></span> <span class='ocrx_word' id='word_1_138' title='bbox 589 1474 675 1540; x_wconf 82' lang='lat' dir='ltr'><strong>jam</strong></span> <span class='ocrx_word' id='word_1_139' title='bbox 689 1473 919 1541; x_wconf 85' lang='lat' dir='ltr'><strong>adscripto</strong></span> <span class='ocrx_word' id='word_1_140' title='bbox 937 1473 1196 1538; x_wconf 85' lang='lat' dir='ltr'><strong>vulgavisse.</strong></span> <span class='ocrx_word' id='word_1_141' title='bbox 1215 1477 1357 1524; x_wconf 90' lang='lat' dir='ltr'><strong>Immo</strong></span> <span class='ocrx_word' id='word_1_142' title='bbox 1375 1477 1463 1542; x_wconf 84' lang='lat' dir='ltr'><strong>jam</strong></span> <span class='ocrx_word' id='word_1_143' title='bbox 1484 1476 1585 1526; x_wconf 89' lang='lat' dir='ltr'><strong>loco</strong></span> 
     </span>
     <span class='ocr_line' id='line_1_18' title="bbox 144 1553 1580 1622; baseline 0.001 -21"><span class='ocrx_word' id='word_1_144' title='bbox 144 1553 343 1611; x_wconf 27' lang='lat' dir='ltr'><strong>indicato,</strong></span> <span class='ocrx_word' id='word_1_145' title='bbox 353 1553 599 1612; x_wconf 85' lang='lat' dir='ltr'><strong>docuimus,</strong></span> <span class='ocrx_word' id='word_1_146' title='bbox 613 1553 683 1602; x_wconf 85' lang='lat' dir='ltr'><strong>vix</strong></span> <span class='ocrx_word' id='word_1_147' title='bbox 700 1564 799 1601; x_wconf 89' lang='lat' dir='ltr'><strong>ante</strong></span> <span class='ocrx_word' id='word_1_148' title='bbox 813 1554 1082 1602; x_wconf 81' lang='lat' dir='ltr'><strong>Decembrem</strong></span> <span class='ocrx_word' id='word_1_149' title='bbox 1101 1573 1150 1602; x_wconf 90' lang='lat' dir='ltr'><strong>ea</strong></span> <span class='ocrx_word' id='word_1_150' title='bbox 1167 1554 1303 1603; x_wconf 84' lang='lat' dir='ltr'><strong>fuisse</strong></span> <span class='ocrx_word' id='word_1_151' title='bbox 1316 1555 1580 1622; x_wconf 85' lang='lat' dir='ltr'><strong>conscripta.</strong></span> 
     </span>
     <span class='ocr_line' id='line_1_19' title="bbox 210 1629 1587 1697; baseline 0.001 -18"><span class='ocrx_word' id='word_1_152' title='bbox 210 1631 294 1679; x_wconf 83' lang='lat'>111.</span> <span class='ocrx_word' id='word_1_153' title='bbox 315 1629 483 1680; x_wconf 83' lang='lat' dir='ltr'><strong>Eadem</strong></span> <span class='ocrx_word' id='word_1_154' title='bbox 508 1629 714 1697; x_wconf 86' lang='lat' dir='ltr'><strong>Epistola</strong></span> <span class='ocrx_word' id='word_1_155' title='bbox 736 1632 858 1679; x_wconf 85' lang='lat' dir='ltr'><strong>Naso</strong></span> <span class='ocrx_word' id='word_1_156' title='bbox 883 1630 936 1679; x_wconf 84' lang='lat' dir='ltr'><strong>de</strong></span> <span class='ocrx_word' id='word_1_157' title='bbox 959 1630 1092 1679; x_wconf 83' lang='lat' dir='ltr'><em>Fabii</em></span> <span class='ocrx_word' id='word_1_158' title='bbox 1109 1630 1304 1679; x_wconf 75' lang='lat' dir='ltr'><strong>Mascitm&#39;</strong></span> <span class='ocrx_word' id='word_1_159' title='bbox 1319 1644 1462 1681; x_wconf 89' lang='lat' dir='ltr'><strong>morte</strong></span> <span class='ocrx_word' id='word_1_160' title='bbox 1483 1651 1587 1681; x_wconf 90' lang='lat' dir='ltr'><strong>con-</strong></span> 
     </span>
     <span class='ocr_line' id='line_1_20' title="bbox 144 1709 679 1775; baseline -0.007 -16"><span class='ocrx_word' id='word_1_161' title='bbox 144 1709 372 1775; x_wconf 77' lang='lat' dir='ltr'><strong>queritur,</strong></span> <span class='ocrx_word' id='word_1_162' title='bbox 396 1728 505 1758; x_wconf 90' lang='lat' dir='ltr'><strong>vers.</strong></span> <span class='ocrx_word' id='word_1_163' title='bbox 532 1709 679 1775; x_wconf 72' lang='lat'>9-14:</span> 
     </span>
    </p>
   </div>
   <div class='ocr_carea' id='block_1_5' title="bbox 365 1806 1449 2039">
    <p class='ocr_par' dir='ltr' id='par_1_5' title="bbox 369 1806 1359 1918">
     <span class='ocr_line' id='line_1_21' title="bbox 369 1806 1359 1855; baseline 0.002 -12"><span class='ocrx_word' id='word_1_164' title='bbox 369 1806 499 1844; x_wconf 80' lang='lat' dir='ltr'><strong>Certus</strong></span> <span class='ocrx_word' id='word_1_165' title='bbox 517 1820 593 1843; x_wconf 81' lang='lat' dir='ltr'><strong>eras</strong></span> <span class='ocrx_word' id='word_1_166' title='bbox 608 1821 673 1854; x_wconf 83' lang='lat' dir='ltr'><strong>pro</strong></span> <span class='ocrx_word' id='word_1_167' title='bbox 689 1820 747 1843; x_wconf 86' lang='lat' dir='ltr'><strong>me</strong></span> <span class='ocrx_word' id='word_1_168' title='bbox 759 1835 768 1852; x_wconf 94' lang='lat'><strong>,</strong></span> <span class='ocrx_word' id='word_1_169' title='bbox 787 1810 901 1843; x_wconf 71' lang='lat' dir='ltr'><em>Fabia</em></span> <span class='ocrx_word' id='word_1_170' title='bbox 918 1808 1009 1852; x_wconf 82' lang='lat' dir='ltr'><strong>laus,</strong></span> <span class='ocrx_word' id='word_1_171' title='bbox 1029 1809 1200 1851; x_wconf 69' lang='lat' dir='ltr'><strong>Maxime,</strong></span> <span class='ocrx_word' id='word_1_172' title='bbox 1222 1810 1336 1855; x_wconf 86' lang='lat' dir='ltr'><strong>gentis</strong></span> <span class='ocrx_word' id='word_1_173' title='bbox 1350 1837 1359 1854; x_wconf 92' lang='lat'><strong>,</strong></span> 
     </span>
     <span class='ocr_line' id='line_1_22' title="bbox 408 1870 1228 1918; baseline 0.002 -13"><span class='ocrx_word' id='word_1_174' title='bbox 408 1870 554 1906; x_wconf 87' lang='lat' dir='ltr'><strong>Numen</strong></span> <span class='ocrx_word' id='word_1_175' title='bbox 572 1870 615 1905; x_wconf 91' lang='lat' dir='ltr'><strong>ad</strong></span> <span class='ocrx_word' id='word_1_176' title='bbox 634 1871 834 1917; x_wconf 83' lang='lat' dir='ltr'><strong>Augustum</strong></span> <span class='ocrx_word' id='word_1_177' title='bbox 852 1871 1006 1917; x_wconf 84' lang='lat' dir='ltr'><strong>supplice</strong></span> <span class='ocrx_word' id='word_1_178' title='bbox 1021 1884 1104 1907; x_wconf 90' lang='lat' dir='ltr'><strong>voce</strong></span> <span class='ocrx_word' id='word_1_179' title='bbox 1123 1872 1228 1918; x_wconf 83' lang='lat' dir='ltr'><strong>loqui.</strong></span> 
     </span>
    </p>

    <p class='ocr_par' dir='ltr' id='par_1_6' title="bbox 365 1934 1449 2039">
     <span class='ocr_line' id='line_1_23' title="bbox 365 1934 1449 1979; baseline 0.003 -12"><span class='ocrx_word' id='word_1_180' title='bbox 365 1934 504 1967; x_wconf 80' lang='lat' dir='ltr'><strong>Occidis</strong></span> <span class='ocrx_word' id='word_1_181' title='bbox 521 1939 602 1967; x_wconf 82' lang='lat' dir='ltr'><strong>ante</strong></span> <span class='ocrx_word' id='word_1_182' title='bbox 618 1945 739 1978; x_wconf 83' lang='lat' dir='ltr'><strong>preces</strong></span> <span class='ocrx_word' id='word_1_183' title='bbox 754 1947 762 1974; x_wconf 92' lang='lat'>;</span> <span class='ocrx_word' id='word_1_184' title='bbox 781 1946 992 1979; x_wconf 81' lang='lat' dir='ltr'><strong>causamque</strong></span> <span class='ocrx_word' id='word_1_185' title='bbox 1009 1946 1075 1979; x_wconf 81' lang='lat' dir='ltr'><strong>ego</strong></span> <span class='ocrx_word' id='word_1_186' title='bbox 1089 1961 1098 1977; x_wconf 92' lang='lat'><strong>,</strong></span> <span class='ocrx_word' id='word_1_187' title='bbox 1116 1935 1291 1975; x_wconf 69' lang='lat' dir='ltr'><strong>Maxime,</strong></span> <span class='ocrx_word' id='word_1_188' title='bbox 1312 1939 1429 1973; x_wconf 80' lang='lat' dir='ltr'><strong>mortis</strong></span> <span class='ocrx_word' id='word_1_189' title='bbox 1440 1962 1449 1976; x_wconf 95' lang='lat'><strong><em>‚</em></strong></span> 
     </span>
     <span class='ocr_line' id='line_1_24' title="bbox 409 1987 1217 2039; baseline 0.001 -10"><span class='ocrx_word' id='word_1_190' title='bbox 409 1987 484 2029; x_wconf 75' lang='lat' dir='ltr'><strong>Nec</strong></span> <span class='ocrx_word' id='word_1_191' title='bbox 498 1994 636 2029; x_wconf 82' lang='lat' dir='ltr'><strong>sueram</strong></span> <span class='ocrx_word' id='word_1_192' title='bbox 654 1995 763 2038; x_wconf 84' lang='lat' dir='ltr'><strong>tanti,</strong></span> <span class='ocrx_word' id='word_1_193' title='bbox 780 2007 838 2029; x_wconf 90' lang='lat' dir='ltr'><strong>me</strong></span> <span class='ocrx_word' id='word_1_194' title='bbox 859 2007 940 2029; x_wconf 87' lang='lat' dir='ltr'><strong>reor</strong></span> <span class='ocrx_word' id='word_1_195' title='bbox 957 2008 1028 2030; x_wconf 87' lang='lat' dir='ltr'><strong>esse</strong></span> <span class='ocrx_word' id='word_1_196' title='bbox 1046 2002 1132 2039; x_wconf 84' lang='lat' dir='ltr'><strong>tuae,</strong></span> <span class='ocrx_word' id='word_1_197' title='bbox 1151 2003 1217 2032; x_wconf 84' lang='lat' dir='ltr'><strong>etc.</strong></span> 
     </span>
    </p>
   </div>
   <div class='ocr_carea' id='block_1_6' title="bbox 141 2077 1579 2301">
    <p class='ocr_par' dir='ltr' id='par_1_7' title="bbox 141 2077 1579 2301">
     <span class='ocr_line' id='line_1_25' title="bbox 207 2077 1579 2137; baseline 0.004 -11"><span class='ocrx_word' id='word_1_198' title='bbox 207 2080 271 2126; x_wconf 86' lang='lat' dir='ltr'><strong>At</strong></span> <span class='ocrx_word' id='word_1_199' title='bbox 286 2097 342 2126; x_wconf 90' lang='lat' dir='ltr'><strong>ne</strong></span> <span class='ocrx_word' id='word_1_200' title='bbox 363 2078 446 2126; x_wconf 87' lang='lat' dir='ltr'><strong>hac</strong></span> <span class='ocrx_word' id='word_1_201' title='bbox 461 2077 627 2126; x_wconf 86' lang='lat' dir='ltr'><strong>invidia</strong></span> <span class='ocrx_word' id='word_1_202' title='bbox 641 2079 864 2127; x_wconf 85' lang='lat' dir='ltr'><strong>Nasonem</strong></span> <span class='ocrx_word' id='word_1_203' title='bbox 882 2098 1135 2137; x_wconf 88' lang='lat' dir='ltr'><strong>oneremus,</strong></span> <span class='ocrx_word' id='word_1_204' title='bbox 1162 2099 1261 2129; x_wconf 86' lang='lat' dir='ltr'><strong>vera</strong></span> <span class='ocrx_word' id='word_1_205' title='bbox 1277 2080 1406 2130; x_wconf 90' lang='lat' dir='ltr'><strong>istius</strong></span> <span class='ocrx_word' id='word_1_206' title='bbox 1423 2082 1579 2131; x_wconf 89' lang='lat' dir='ltr'><strong>mortis</strong></span> 
     </span>
     <span class='ocr_line' id='line_1_26' title="bbox 143 2156 1573 2224; baseline 0.001 -19"><span class='ocrx_word' id='word_1_207' title='bbox 143 2176 271 2205; x_wconf 85' lang='lat' dir='ltr'><strong>causa</strong></span> <span class='ocrx_word' id='word_1_208' title='bbox 284 2176 337 2205; x_wconf 85' lang='lat' dir='ltr'><strong>ex</strong></span> <span class='ocrx_word' id='word_1_209' title='bbox 347 2156 573 2206; x_wconf 86' lang='lat' dir='ltr'><strong>historicis</strong></span> <span class='ocrx_word' id='word_1_210' title='bbox 588 2156 838 2223; x_wconf 84' lang='lat' dir='ltr'><strong>aperienda.</strong></span> <span class='ocrx_word' id='word_1_211' title='bbox 855 2157 1061 2206; x_wconf 84' lang='lat' dir='ltr'><strong>Tacitum</strong></span> <span class='ocrx_word' id='word_1_212' title='bbox 1081 2156 1095 2182; x_wconf 79' lang='lat'><strong>³</strong></span> <span class='ocrx_word' id='word_1_213' title='bbox 1111 2157 1341 2206; x_wconf 85' lang='lat' dir='ltr'><strong>audiamus</strong></span> <span class='ocrx_word' id='word_1_214' title='bbox 1359 2158 1573 2224; x_wconf 89' lang='lat' dir='ltr'><strong>primum,</strong></span> 
     </span>
     <span class='ocr_line' id='line_1_27' title="bbox 141 2233 1574 2301; baseline 0.001 -18"><span class='ocrx_word' id='word_1_215' title='bbox 141 2234 233 2283; x_wconf 86' lang='lat' dir='ltr'><strong>haec</strong></span> <span class='ocrx_word' id='word_1_216' title='bbox 254 2234 515 2283; x_wconf 83' lang='lat' dir='ltr'><strong>scribentem</strong></span> <span class='ocrx_word' id='word_1_217' title='bbox 539 2255 548 2282; x_wconf 76' lang='grc' dir='ltr'>ε</span> <span class='ocrx_word' id='word_1_218' title='bbox 574 2257 595 2276; x_wconf 90' lang='lat'>«</span> <span class='ocrx_word' id='word_1_219' title='bbox 618 2235 721 2282; x_wconf 86' lang='lat' dir='ltr'><strong>Haee</strong></span> <span class='ocrx_word' id='word_1_220' title='bbox 736 2247 867 2301; x_wconf 85' lang='lat' dir='ltr'><strong>atque</strong></span> <span class='ocrx_word' id='word_1_221' title='bbox 887 2233 989 2282; x_wconf 84' lang='lat' dir='ltr'><strong>ta-lia</strong></span> <span class='ocrx_word' id='word_1_222' title='bbox 1010 2234 1282 2298; x_wconf 82' lang='lat' dir='ltr'><strong>agitantibus</strong></span> <span class='ocrx_word' id='word_1_223' title='bbox 1296 2274 1307 2294; x_wconf 93' lang='lat'><strong>,</strong></span> <span class='ocrx_word' id='word_1_224' title='bbox 1326 2255 1574 2299; x_wconf 85' lang='lat' dir='ltr'><strong>gravescere</strong></span> 
     </span>
    </p>
   </div>
   <div class='ocr_carea' id='block_1_7' title="bbox 144 2307 1572 2459">
    <p class='ocr_par' dir='ltr' id='par_1_8' title="bbox 144 2307 1572 2459">
     <span class='ocr_line' id='line_1_28' title="bbox 146 2307 1572 2381; baseline 0.001 -19"><span class='ocrx_word' id='word_1_225' title='bbox 146 2336 167 2355; x_wconf 73' lang='grc' dir='ltr'><strong>υ</strong></span> <span class='ocrx_word' id='word_1_226' title='bbox 194 2312 402 2363; x_wconf 80' lang='lat' dir='ltr'><strong>valetudo</strong></span> <span class='ocrx_word' id='word_1_227' title='bbox 418 2312 638 2376; x_wconf 84' lang='lat' dir='ltr'><strong>Augusti:</strong></span> <span class='ocrx_word' id='word_1_228' title='bbox 659 2324 702 2361; x_wconf 90' lang='lat' dir='ltr'><strong>et</strong></span> <span class='ocrx_word' id='word_1_229' title='bbox 715 2313 893 2379; x_wconf 86' lang='lat' dir='ltr'><strong>quidam</strong></span> <span class='ocrx_word' id='word_1_230' title='bbox 909 2307 1222 2362; x_wconf 25' lang='lat' dir='ltr'><strong>scelusssuxori&#39;s</strong></span> <span class='ocrx_word' id='word_1_231' title='bbox 1235 2316 1572 2381; x_wconf 83' lang='lat' dir='ltr'><strong>suspectabant:</strong></span> 
     </span>
     <span class='ocr_line' id='line_1_29' title="bbox 144 2389 1569 2459; baseline 0.002 -20"><span class='ocrx_word' id='word_1_232' title='bbox 144 2414 165 2432; x_wconf 89' lang='lat'>»</span> <span class='ocrx_word' id='word_1_233' title='bbox 195 2391 362 2459; x_wconf 88' lang='lat' dir='ltr'><strong>quippe</strong></span> <span class='ocrx_word' id='word_1_234' title='bbox 395 2409 550 2439; x_wconf 89' lang='lat' dir='ltr'><strong>rumor</strong></span> <span class='ocrx_word' id='word_1_235' title='bbox 571 2389 827 2450; x_wconf 85' lang='lat' dir='ltr'><strong>incesserat,</strong></span> <span class='ocrx_word' id='word_1_236' title='bbox 853 2410 1019 2458; x_wconf 88' lang='lat' dir='ltr'><strong>paucos</strong></span> <span class='ocrx_word' id='word_1_237' title='bbox 1043 2403 1144 2439; x_wconf 85' lang='lat' dir='ltr'><strong>ante</strong></span> <span class='ocrx_word' id='word_1_238' title='bbox 1170 2410 1361 2450; x_wconf 82' lang='lat' dir='ltr'><strong>menseS,</strong></span> <span class='ocrx_word' id='word_1_239' title='bbox 1386 2393 1569 2455; x_wconf 84' lang='lat' dir='ltr'><strong>Augus-</strong></span> 
     </span>
    </p>
   </div>
   <div class='ocr_carea' id='block_1_8' title="bbox 178 2523 1568 2629">
    <p class='ocr_par' dir='ltr' id='par_1_9' title="bbox 178 2523 1568 2629">
     <span class='ocr_line' id='line_1_30' title="bbox 180 2523 469 2558; baseline 0 -1"><span class='ocrx_word' id='word_1_240' title='bbox 180 2525 191 2544; x_wconf 92' lang='lat'><em>¹</em></span> <span class='ocrx_word' id='word_1_241' title='bbox 217 2523 267 2557; x_wconf 85' lang='lat' dir='ltr'><strong>Pa</strong></span> <span class='ocrx_word' id='word_1_242' title='bbox 293 2549 301 2556; x_wconf 91' lang='lat'>.</span> <span class='ocrx_word' id='word_1_243' title='bbox 320 2524 377 2558; x_wconf 79' lang='lat'><strong>181</strong></span> <span class='ocrx_word' id='word_1_244' title='bbox 396 2535 411 2556; x_wconf 85' lang='lat' dir='ltr'><strong>s</strong></span> <span class='ocrx_word' id='word_1_245' title='bbox 437 2535 469 2557; x_wconf 77' lang='grc' dir='ltr'><strong>ι.</strong></span> 
     </span>
     <span class='ocr_line' id='line_1_31' title="bbox 178 2535 1568 2629; baseline 0 -10"><span class='ocrx_word' id='word_1_246' title='bbox 178 2585 194 2604; x_wconf 81' lang='lat'>²</span> <span class='ocrx_word' id='word_1_247' title='bbox 216 2535 351 2620; x_wconf 72' lang='lat' dir='ltr'><strong>ldcgirco</strong></span> <span class='ocrx_word' id='word_1_248' title='bbox 367 2535 458 2618; x_wconf 55' lang='grc' dir='ltr'><strong>ἰΙΙιὶιάΙ</strong></span> <span class='ocrx_word' id='word_1_249' title='bbox 471 2583 591 2619; x_wconf 89' lang='lat' dir='ltr'><strong>Ovidii</strong></span> <span class='ocrx_word' id='word_1_250' title='bbox 610 2582 826 2629; x_wconf 84' lang='lat' dir='ltr'><strong>poematium</strong></span> <span class='ocrx_word' id='word_1_251' title='bbox 840 2610 848 2623; x_wconf 90' lang='lat'><strong>‚</strong></span> <span class='ocrx_word' id='word_1_252' title='bbox 875 2584 969 2629; x_wconf 82' lang='lat' dir='ltr'><strong>quod</strong></span> <span class='ocrx_word' id='word_1_253' title='bbox 988 2590 1023 2618; x_wconf 81' lang='lat' dir='ltr'><strong>et</strong></span> <span class='ocrx_word' id='word_1_254' title='bbox 1045 2595 1126 2619; x_wconf 90' lang='lat' dir='ltr'><strong>cum</strong></span> <span class='ocrx_word' id='word_1_255' title='bbox 1142 2584 1299 2629; x_wconf 78' lang='lat' dir='ltr'><strong>pluribus</strong></span> <span class='ocrx_word' id='word_1_256' title='bbox 1315 2584 1388 2619; x_wconf 81' lang='lat' dir='ltr'><strong>aliis</strong></span> <span class='ocrx_word' id='word_1_257' title='bbox 1412 2585 1568 2629; x_wconf 87' lang='lat' dir='ltr'><strong>interiit,</strong></span> 
     </span>
    </p>
   </div>
   <div class='ocr_carea' id='block_1_9' title="bbox 133 2641 1563 2744">
    <p class='ocr_par' dir='ltr' id='par_1_10' title="bbox 133 2641 1563 2744">
     <span class='ocr_line' id='line_1_32' title="bbox 133 2641 1563 2689; baseline 0.001 -12"><span class='ocrx_word' id='word_1_258' title='bbox 133 2642 314 2678; x_wconf 73' lang='lat' dir='ltr'><strong>diversum</strong></span> <span class='ocrx_word' id='word_1_259' title='bbox 336 2641 406 2677; x_wconf 83' lang='lat' dir='ltr'><strong>suit</strong></span> <span class='ocrx_word' id='word_1_260' title='bbox 422 2642 539 2677; x_wconf 72' lang='lat' dir='ltr'><strong>ahino</strong></span> <span class='ocrx_word' id='word_1_261' title='bbox 553 2646 663 2687; x_wconf 70' lang='lat' dir='ltr'><strong>gerice</strong></span> <span class='ocrx_word' id='word_1_262' title='bbox 686 2641 723 2675; x_wconf 88' lang='lat' dir='ltr'><strong>in</strong></span> <span class='ocrx_word' id='word_1_263' title='bbox 741 2641 909 2679; x_wconf 84' lang='lat' dir='ltr'><strong>eumdem</strong></span> <span class='ocrx_word' id='word_1_264' title='bbox 935 2642 1083 2688; x_wconf 80' lang='lat' dir='ltr'><strong>Augusti</strong></span> <span class='ocrx_word' id='word_1_265' title='bbox 1103 2642 1240 2678; x_wconf 83' lang='lat' dir='ltr'><strong>obitum</strong></span> <span class='ocrx_word' id='word_1_266' title='bbox 1266 2643 1395 2689; x_wconf 80' lang='lat' dir='ltr'><strong>scripto</strong></span> <span class='ocrx_word' id='word_1_267' title='bbox 1408 2670 1417 2688; x_wconf 95' lang='lat'><strong>,</strong></span> <span class='ocrx_word' id='word_1_268' title='bbox 1435 2643 1492 2678; x_wconf 90' lang='lat' dir='ltr'><strong>lib.</strong></span> <span class='ocrx_word' id='word_1_269' title='bbox 1513 2644 1563 2678; x_wconf 85' lang='lat' dir='ltr'><strong>IV</strong></span> 
     </span>
     <span class='ocr_line' id='line_1_33' title="bbox 134 2697 775 2744; baseline -0.002 -11"><span class='ocrx_word' id='word_1_270' title='bbox 134 2711 177 2733; x_wconf 74' lang='lat' dir='ltr'><strong>ex</strong></span> <span class='ocrx_word' id='word_1_271' title='bbox 194 2698 335 2742; x_wconf 89' lang='lat' dir='ltr'><strong>Ponto,</strong></span> <span class='ocrx_word' id='word_1_272' title='bbox 356 2697 422 2744; x_wconf 90' lang='lat' dir='ltr'><strong>Ep.</strong></span> <span class='ocrx_word' id='word_1_273' title='bbox 439 2709 527 2738; x_wconf 83' lang='lat' dir='ltr'><strong>xm,</strong></span> <span class='ocrx_word' id='word_1_274' title='bbox 547 2710 634 2733; x_wconf 83' lang='lat' dir='ltr'><strong>vers.</strong></span> <span class='ocrx_word' id='word_1_275' title='bbox 655 2699 775 2744; x_wconf 76' lang='lat'><strong>19—40.</strong></span> 
     </span>
    </p>
   </div>
   <div class='ocr_carea' id='block_1_10' title="bbox 177 2758 612 2805">
    <p class='ocr_par' dir='ltr' id='par_1_11' title="bbox 177 2758 612 2805">
     <span class='ocr_line' id='line_1_34' title="bbox 177 2758 612 2805; baseline 0.002 -11"><span class='ocrx_word' id='word_1_276' title='bbox 177 2758 192 2781; x_wconf 83' lang='lat'>³</span> <span class='ocrx_word' id='word_1_277' title='bbox 218 2760 343 2798; x_wconf 75' lang='lat' dir='ltr'><strong>Annal.</strong></span> <span class='ocrx_word' id='word_1_278' title='bbox 362 2759 419 2795; x_wconf 83' lang='lat' dir='ltr'><strong>lib.</strong></span> <span class='ocrx_word' id='word_1_279' title='bbox 435 2760 455 2795; x_wconf 87' lang='lat' dir='ltr'>I</span> <span class='ocrx_word' id='word_1_280' title='bbox 467 2786 476 2803; x_wconf 88' lang='lat'>‚</span> <span class='ocrx_word' id='word_1_281' title='bbox 493 2772 566 2805; x_wconf 83' lang='lat' dir='ltr'><strong>cap.</strong></span> <span class='ocrx_word' id='word_1_282' title='bbox 582 2762 612 2795; x_wconf 88' lang='lat'><strong>5.</strong></span> 
     </span>
    </p>
   </div>
  </div>
 </body>
</html>
