<?xml version="1.0" encoding="UTF-8"?>
<!DOCTYPE html PUBLIC "-//W3C//DTD XHTML 1.0 Transitional//EN"
    "http://www.w3.org/TR/xhtml1/DTD/xhtml1-transitional.dtd">
<html xmlns="http://www.w3.org/1999/xhtml" xml:lang="en" lang="en">
 <head>
  <title>
</title>
<meta http-equiv="Content-Type" content="text/html;charset=utf-8" />
  <meta name='ocr-system' content='tesseract 3.04.00' />
  <meta name='ocr-capabilities' content='ocr_page ocr_carea ocr_par ocr_line ocrx_word'/>
</head>
<body>
  <div class='ocr_page' id='page_1' title='image "./quaeextantomniao08oviduoft_0311.png"; bbox 0 0 1794 3100; ppageno 0'>
   <div class='ocr_carea' id='block_1_1' title="bbox 503 213 1533 261">
    <p class='ocr_par' dir='ltr' id='par_1_1' title="bbox 503 213 1533 261">
     <span class='ocr_line' id='line_1_1' title="bbox 503 213 1533 261; baseline 0.002 -2"><span class='ocrx_word' id='word_1_1' title='bbox 503 217 594 259; x_wconf 91' lang='lat' dir='ltr'><strong>ET</strong></span> <span class='ocrx_word' id='word_1_2' title='bbox 627 213 1137 260; x_wconf 84' lang='lat' dir='ltr'><strong>PRAEFATIONES.</strong></span> <span class='ocrx_word' id='word_1_3' title='bbox 1453 216 1533 261; x_wconf 80' lang='lat'><strong>301</strong></span> 
     </span>
    </p>
   </div>
   <div class='ocr_carea' id='block_1_2' title="bbox 46 309 1563 2798">
    <p class='ocr_par' dir='ltr' id='par_1_2' title="bbox 46 309 1563 2798">
     <span class='ocr_line' id='line_1_2' title="bbox 106 309 1539 377; baseline -0.003 -14"><span class='ocrx_word' id='word_1_4' title='bbox 106 313 326 369; x_wconf 79' lang='lat' dir='ltr'><strong>rationes,</strong></span> <span class='ocrx_word' id='word_1_5' title='bbox 351 329 448 377; x_wconf 82' lang='lat' dir='ltr'><strong>quae</strong></span> <span class='ocrx_word' id='word_1_6' title='bbox 462 348 475 368; x_wconf 90' lang='lat'>‚</span> <span class='ocrx_word' id='word_1_7' title='bbox 496 321 656 377; x_wconf 81' lang='lat' dir='ltr'><strong>praeter</strong></span> <span class='ocrx_word' id='word_1_8' title='bbox 675 310 888 359; x_wconf 87' lang='lat' dir='ltr'><strong>hactenus</strong></span> <span class='ocrx_word' id='word_1_9' title='bbox 902 310 1094 368; x_wconf 82' lang='lat' dir='ltr'><strong>adlatas,</strong></span> <span class='ocrx_word' id='word_1_10' title='bbox 1119 310 1175 359; x_wconf 90' lang='lat' dir='ltr'><strong>ad</strong></span> <span class='ocrx_word' id='word_1_11' title='bbox 1195 309 1450 358; x_wconf 82' lang='lat' dir='ltr'><strong>istiusmodi</strong></span> <span class='ocrx_word' id='word_1_12' title='bbox 1472 312 1539 359; x_wconf 86' lang='lat' dir='ltr'><strong>fa-</strong></span> 
     </span>
     <span class='ocr_line' id='line_1_3' title="bbox 106 386 1543 454; baseline -0.003 -14"><span class='ocrx_word' id='word_1_13' title='bbox 106 388 314 440; x_wconf 86' lang='lat' dir='ltr'><strong>bularum</strong></span> <span class='ocrx_word' id='word_1_14' title='bbox 344 398 592 436; x_wconf 84' lang='lat' dir='ltr'><strong>commenta</strong></span> <span class='ocrx_word' id='word_1_15' title='bbox 620 387 792 454; x_wconf 91' lang='lat' dir='ltr'><strong>primos</strong></span> <span class='ocrx_word' id='word_1_16' title='bbox 824 387 1125 454; x_wconf 84' lang='lat' dir='ltr'><strong>philosophos</strong></span> <span class='ocrx_word' id='word_1_17' title='bbox 1152 386 1358 435; x_wconf 88' lang='lat' dir='ltr'><strong>videntur</strong></span> <span class='ocrx_word' id='word_1_18' title='bbox 1395 387 1543 453; x_wconf 90' lang='lat' dir='ltr'><strong>impu-</strong></span> 
     </span>
     <span class='ocr_line' id='line_1_4' title="bbox 107 462 1545 531; baseline -0.003 -16"><span class='ocrx_word' id='word_1_19' title='bbox 107 465 225 516; x_wconf 81' lang='lat' dir='ltr'><strong>lisse.</strong></span> <span class='ocrx_word' id='word_1_20' title='bbox 239 466 362 514; x_wconf 89' lang='lat' dir='ltr'><strong>Inter</strong></span> <span class='ocrx_word' id='word_1_21' title='bbox 374 483 485 531; x_wconf 87' lang='lat' dir='ltr'><strong>quas</strong></span> <span class='ocrx_word' id='word_1_22' title='bbox 498 501 510 522; x_wconf 91' lang='lat'><strong>‚</strong></span> <span class='ocrx_word' id='word_1_23' title='bbox 532 475 636 513; x_wconf 88' lang='lat' dir='ltr'><strong>sunt</strong></span> <span class='ocrx_word' id='word_1_24' title='bbox 656 464 730 530; x_wconf 90' lang='lat' dir='ltr'><strong>qui</strong></span> <span class='ocrx_word' id='word_1_25' title='bbox 754 483 844 512; x_wconf 90' lang='lat' dir='ltr'><strong>non</strong></span> <span class='ocrx_word' id='word_1_26' title='bbox 862 476 1129 531; x_wconf 81' lang='lat' dir='ltr'>postremam</span> <span class='ocrx_word' id='word_1_27' title='bbox 1146 462 1282 512; x_wconf 83' lang='lat' dir='ltr'><strong>fuisse</strong></span> <span class='ocrx_word' id='word_1_28' title='bbox 1294 474 1545 520; x_wconf 80' lang='lat' dir='ltr'><strong>autument,</strong></span> 
     </span>
     <span class='ocr_line' id='line_1_5' title="bbox 107 541 1546 612; baseline -0.004 -19"><span class='ocrx_word' id='word_1_29' title='bbox 107 551 361 612; x_wconf 83' lang='lat' dir='ltr'><strong>respectum</strong></span> <span class='ocrx_word' id='word_1_30' title='bbox 384 541 648 610; x_wconf 68' lang='lat' dir='ltr'><strong>praestantiae</strong></span> <span class='ocrx_word' id='word_1_31' title='bbox 676 560 725 590; x_wconf 88' lang='lat' dir='ltr'><strong>ac</strong></span> <span class='ocrx_word' id='word_1_32' title='bbox 749 541 998 590; x_wconf 72' lang='lat' dir='ltr'><strong>nobilitatis</strong></span> <span class='ocrx_word' id='word_1_33' title='bbox 1032 541 1337 599; x_wconf 82' lang='lat' dir='ltr'><strong>scientiarum,</strong></span> <span class='ocrx_word' id='word_1_34' title='bbox 1366 559 1475 607; x_wconf 88' lang='lat' dir='ltr'><strong>quas</strong></span> <span class='ocrx_word' id='word_1_35' title='bbox 1500 541 1546 587; x_wconf 89' lang='lat' dir='ltr'><strong>in</strong></span> 
     </span>
     <span class='ocr_line' id='line_1_6' title="bbox 108 617 1545 686; baseline -0.003 -18"><span class='ocrx_word' id='word_1_36' title='bbox 108 619 270 683; x_wconf 81' lang='lat' dir='ltr'><strong>vulgus</strong></span> <span class='ocrx_word' id='word_1_37' title='bbox 303 618 462 686; x_wconf 88' lang='lat' dir='ltr'><strong>prodi,</strong></span> <span class='ocrx_word' id='word_1_38' title='bbox 493 630 628 685; x_wconf 89' lang='lat' dir='ltr'><strong>atque</strong></span> <span class='ocrx_word' id='word_1_39' title='bbox 654 618 864 667; x_wconf 89' lang='lat' dir='ltr'><strong>omnibus</strong></span> <span class='ocrx_word' id='word_1_40' title='bbox 896 618 1124 686; x_wconf 83' lang='lat' dir='ltr'><strong>patefieri,</strong></span> <span class='ocrx_word' id='word_1_41' title='bbox 1159 617 1282 666; x_wconf 90' lang='lat' dir='ltr'><strong>nefas</strong></span> <span class='ocrx_word' id='word_1_42' title='bbox 1311 617 1545 684; x_wconf 86' lang='lat' dir='ltr'><strong>putabant.</strong></span> 
     </span>
     <span class='ocr_line' id='line_1_7' title="bbox 107 693 1544 763; baseline -0.005 -15"><span class='ocrx_word' id='word_1_43' title='bbox 107 698 263 762; x_wconf 82' lang='lat' dir='ltr'><strong>Quum</strong></span> <span class='ocrx_word' id='word_1_44' title='bbox 285 697 402 746; x_wconf 90' lang='lat' dir='ltr'><strong>enim</strong></span> <span class='ocrx_word' id='word_1_45' title='bbox 427 695 645 746; x_wconf 81' lang='lat' dir='ltr'><strong>occultam</strong></span> <span class='ocrx_word' id='word_1_46' title='bbox 682 695 1030 763; x_wconf 88' lang='lat' dir='ltr'><strong>philosophandi</strong></span> <span class='ocrx_word' id='word_1_47' title='bbox 1063 695 1278 745; x_wconf 87' lang='lat' dir='ltr'><strong>rationem</strong></span> <span class='ocrx_word' id='word_1_48' title='bbox 1313 694 1455 744; x_wconf 84' lang='lat' dir='ltr'><strong>Graeci</strong></span> <span class='ocrx_word' id='word_1_49' title='bbox 1490 693 1544 743; x_wconf 92' lang='lat' dir='ltr'><strong>ab</strong></span> 
     </span>
     <span class='ocr_line' id='line_1_8' title="bbox 46 767 1550 845; baseline -0.003 -18"><span class='ocrx_word' id='word_1_50' title='bbox 46 815 49 817; x_wconf 85' lang='lat'>-</span> <span class='ocrx_word' id='word_1_51' title='bbox 110 777 336 845; x_wconf 83' lang='lat' dir='ltr'><strong>AEgyptiis</strong></span> <span class='ocrx_word' id='word_1_52' title='bbox 354 776 658 844; x_wconf 87' lang='lat' dir='ltr'><strong>adcepissent,</strong></span> <span class='ocrx_word' id='word_1_53' title='bbox 679 776 1022 843; x_wconf 85' lang='lat' dir='ltr'><strong>haudquaquam</strong></span> <span class='ocrx_word' id='word_1_54' title='bbox 1041 774 1278 824; x_wconf 81' lang='lat' dir='ltr'><strong>voluerunt</strong></span> <span class='ocrx_word' id='word_1_55' title='bbox 1309 767 1378 824; x_wconf 84' lang='lat' dir='ltr'><strong>res</strong></span> <span class='ocrx_word' id='word_1_56' title='bbox 1408 774 1550 823; x_wconf 88' lang='lat' dir='ltr'><strong>admi-</strong></span> 
     </span>
     <span class='ocr_line' id='line_1_9' title="bbox 111 852 1551 922; baseline -0.002 -17"><span class='ocrx_word' id='word_1_57' title='bbox 111 855 277 906; x_wconf 88' lang='lat' dir='ltr'><strong>rabiles</strong></span> <span class='ocrx_word' id='word_1_58' title='bbox 297 856 346 904; x_wconf 92' lang='lat' dir='ltr'><strong>in</strong></span> <span class='ocrx_word' id='word_1_59' title='bbox 369 853 530 918; x_wconf 83' lang='lat' dir='ltr'><strong>vulgus</strong></span> <span class='ocrx_word' id='word_1_60' title='bbox 552 854 788 922; x_wconf 84' lang='lat' dir='ltr'><strong>profanum</strong></span> <span class='ocrx_word' id='word_1_61' title='bbox 815 854 954 911; x_wconf 82' lang='lat' dir='ltr'><strong>exire,</strong></span> <span class='ocrx_word' id='word_1_62' title='bbox 981 854 1103 921; x_wconf 91' lang='lat' dir='ltr'><strong>quod</strong></span> <span class='ocrx_word' id='word_1_63' title='bbox 1126 853 1194 902; x_wconf 89' lang='lat' dir='ltr'><strong>vel</strong></span> <span class='ocrx_word' id='word_1_64' title='bbox 1218 852 1308 902; x_wconf 90' lang='lat' dir='ltr'><strong>illis</strong></span> <span class='ocrx_word' id='word_1_65' title='bbox 1329 872 1420 902; x_wconf 90' lang='lat' dir='ltr'><strong>non</strong></span> <span class='ocrx_word' id='word_1_66' title='bbox 1447 853 1551 903; x_wconf 89' lang='lat' dir='ltr'><strong>satis</strong></span> 
     </span>
     <span class='ocr_line' id='line_1_10' title="bbox 115 929 1552 1000; baseline -0.003 -18"><span class='ocrx_word' id='word_1_67' title='bbox 115 933 338 1000; x_wconf 81' lang='lat' dir='ltr'><strong>perceptis</strong></span> <span class='ocrx_word' id='word_1_68' title='bbox 360 951 385 980; x_wconf 92' lang='lat' dir='ltr'><strong>a</strong></span> <span class='ocrx_word' id='word_1_69' title='bbox 410 931 572 999; x_wconf 90' lang='lat' dir='ltr'><strong>pietate</strong></span> <span class='ocrx_word' id='word_1_70' title='bbox 595 932 867 980; x_wconf 88' lang='lat' dir='ltr'><strong>desciturum</strong></span> <span class='ocrx_word' id='word_1_71' title='bbox 889 943 1004 990; x_wconf 86' lang='lat' dir='ltr'><strong>erat,</strong></span> <span class='ocrx_word' id='word_1_72' title='bbox 1031 929 1099 979; x_wconf 90' lang='lat' dir='ltr'><strong>vel</strong></span> <span class='ocrx_word' id='word_1_73' title='bbox 1124 930 1285 979; x_wconf 86' lang='lat' dir='ltr'><strong>mentis</strong></span> <span class='ocrx_word' id='word_1_74' title='bbox 1308 930 1552 978; x_wconf 87' lang='lat' dir='ltr'><strong>hebetioris</strong></span> 
     </span>
     <span class='ocr_line' id='line_1_11' title="bbox 113 1008 1547 1077; baseline -0.002 -19"><span class='ocrx_word' id='word_1_75' title='bbox 113 1010 223 1060; x_wconf 84' lang='lat' dir='ltr'><strong>vitio</strong></span> <span class='ocrx_word' id='word_1_76' title='bbox 247 1010 420 1061; x_wconf 88' lang='lat' dir='ltr'><strong>easdem</strong></span> <span class='ocrx_word' id='word_1_77' title='bbox 443 1010 796 1077; x_wconf 89' lang='lat' dir='ltr'><strong>depravaturum.</strong></span> <span class='ocrx_word' id='word_1_78' title='bbox 824 1009 1212 1074; x_wconf 81' lang='lat' dir='ltr'><strong>Quemadmodum</strong></span> <span class='ocrx_word' id='word_1_79' title='bbox 1234 1008 1349 1056; x_wconf 89' lang='lat' dir='ltr'><strong>enim</strong></span> <span class='ocrx_word' id='word_1_80' title='bbox 1373 1008 1547 1065; x_wconf 88' lang='lat' dir='ltr'><strong>vinum,</strong></span> 
     </span>
     <span class='ocr_line' id='line_1_12' title="bbox 116 1085 1554 1154; baseline -0.002 -18"><span class='ocrx_word' id='word_1_81' title='bbox 116 1087 401 1154; x_wconf 85' lang='lat' dir='ltr'><strong>quantumvis</strong></span> <span class='ocrx_word' id='word_1_82' title='bbox 426 1105 709 1149; x_wconf 83' lang='lat' dir='ltr'><strong>generosum,</strong></span> <span class='ocrx_word' id='word_1_83' title='bbox 735 1085 859 1134; x_wconf 93' lang='lat' dir='ltr'><strong>dolio</strong></span> <span class='ocrx_word' id='word_1_84' title='bbox 884 1086 1081 1134; x_wconf 86' lang='lat' dir='ltr'><strong>infusum</strong></span> <span class='ocrx_word' id='word_1_85' title='bbox 1111 1105 1205 1134; x_wconf 88' lang='lat' dir='ltr'><strong>non</strong></span> <span class='ocrx_word' id='word_1_86' title='bbox 1232 1085 1427 1143; x_wconf 88' lang='lat' dir='ltr'><strong>sincero,</strong></span> <span class='ocrx_word' id='word_1_87' title='bbox 1451 1103 1554 1133; x_wconf 88' lang='lat' dir='ltr'><strong>coa-</strong></span> 
     </span>
     <span class='ocr_line' id='line_1_13' title="bbox 116 1161 1556 1231; baseline -0.002 -18"><span class='ocrx_word' id='word_1_88' title='bbox 116 1164 253 1214; x_wconf 88' lang='lat' dir='ltr'><strong>cescit</strong></span> <span class='ocrx_word' id='word_1_89' title='bbox 269 1175 403 1231; x_wconf 87' lang='lat' dir='ltr'><strong>atque</strong></span> <span class='ocrx_word' id='word_1_90' title='bbox 423 1164 725 1231; x_wconf 87' lang='lat' dir='ltr'><strong>corrumpitur</strong></span> <span class='ocrx_word' id='word_1_91' title='bbox 745 1184 754 1211; x_wconf 92' lang='lat'>:</span> <span class='ocrx_word' id='word_1_92' title='bbox 775 1164 836 1212; x_wconf 87' lang='lat' dir='ltr'><strong>ita</strong></span> <span class='ocrx_word' id='word_1_93' title='bbox 854 1164 1054 1212; x_wconf 85' lang='lat' dir='ltr'><strong>doctrina</strong></span> <span class='ocrx_word' id='word_1_94' title='bbox 1073 1201 1085 1222; x_wconf 94' lang='lat'>,</span> <span class='ocrx_word' id='word_1_95' title='bbox 1111 1163 1258 1211; x_wconf 90' lang='lat' dir='ltr'><strong>animo</strong></span> <span class='ocrx_word' id='word_1_96' title='bbox 1275 1161 1483 1210; x_wconf 88' lang='lat' dir='ltr'><strong>imbibita</strong></span> <span class='ocrx_word' id='word_1_97' title='bbox 1499 1162 1556 1210; x_wconf 90' lang='lat' dir='ltr'><strong>ad</strong></span> 
     </span>
     <span class='ocr_line' id='line_1_14' title="bbox 115 1238 1554 1308; baseline -0.002 -19"><span class='ocrx_word' id='word_1_98' title='bbox 115 1240 442 1308; x_wconf 85' lang='lat' dir='ltr'><strong>percipiendam</strong></span> <span class='ocrx_word' id='word_1_99' title='bbox 457 1239 577 1288; x_wconf 89' lang='lat' dir='ltr'><strong>illam</strong></span> <span class='ocrx_word' id='word_1_100' title='bbox 589 1259 745 1306; x_wconf 87' lang='lat' dir='ltr'><strong>parum</strong></span> <span class='ocrx_word' id='word_1_101' title='bbox 761 1239 982 1296; x_wconf 86' lang='lat' dir='ltr'><strong>defaecato,</strong></span> <span class='ocrx_word' id='word_1_102' title='bbox 997 1239 1140 1288; x_wconf 91' lang='lat' dir='ltr'><strong>labem</strong></span> <span class='ocrx_word' id='word_1_103' title='bbox 1155 1239 1392 1287; x_wconf 88' lang='lat' dir='ltr'><strong>contrahit.</strong></span> <span class='ocrx_word' id='word_1_104' title='bbox 1415 1238 1554 1303; x_wconf 79' lang='lat' dir='ltr'><strong>Quod</strong></span> 
     </span>
     <span class='ocr_line' id='line_1_15' title="bbox 116 1316 1554 1385; baseline -0.003 -17"><span class='ocrx_word' id='word_1_105' title='bbox 116 1337 220 1368; x_wconf 79' lang='lat' dir='ltr'><strong>sane</strong></span> <span class='ocrx_word' id='word_1_106' title='bbox 240 1338 325 1368; x_wconf 84' lang='lat' dir='ltr'><strong>usu</strong></span> <span class='ocrx_word' id='word_1_107' title='bbox 344 1319 512 1369; x_wconf 83' lang='lat' dir='ltr'><strong>venisse</strong></span> <span class='ocrx_word' id='word_1_108' title='bbox 526 1318 743 1385; x_wconf 85' lang='lat' dir='ltr'><strong>apertiore</strong></span> <span class='ocrx_word' id='word_1_109' title='bbox 760 1317 834 1366; x_wconf 87' lang='lat' dir='ltr'><strong>illa</strong></span> <span class='ocrx_word' id='word_1_110' title='bbox 852 1329 986 1384; x_wconf 89' lang='lat' dir='ltr'><strong>atque</strong></span> <span class='ocrx_word' id='word_1_111' title='bbox 1000 1318 1208 1366; x_wconf 88' lang='lat' dir='ltr'><strong>omnibus</strong></span> <span class='ocrx_word' id='word_1_112' title='bbox 1230 1317 1432 1383; x_wconf 87' lang='lat' dir='ltr'><strong>exposita</strong></span> <span class='ocrx_word' id='word_1_113' title='bbox 1449 1316 1554 1383; x_wconf 86' lang='lat' dir='ltr'><strong>phi-</strong></span> 
     </span>
     <span class='ocr_line' id='line_1_16' title="bbox 116 1393 1556 1463; baseline -0.004 -16"><span class='ocrx_word' id='word_1_114' title='bbox 116 1394 384 1463; x_wconf 71' lang='lat' dir='ltr'><strong>losophandi</strong></span> <span class='ocrx_word' id='word_1_115' title='bbox 407 1396 580 1445; x_wconf 87' lang='lat' dir='ltr'><strong>ratione</strong></span> <span class='ocrx_word' id='word_1_116' title='bbox 594 1433 606 1455; x_wconf 91' lang='lat'><strong>‚</strong></span> <span class='ocrx_word' id='word_1_117' title='bbox 635 1407 822 1444; x_wconf 86' lang='lat' dir='ltr'><strong>testatur</strong></span> <span class='ocrx_word' id='word_1_118' title='bbox 846 1406 1086 1444; x_wconf 85' lang='lat' dir='ltr'><strong>consecuta</strong></span> <span class='ocrx_word' id='word_1_119' title='bbox 1108 1414 1202 1444; x_wconf 88' lang='lat' dir='ltr'><strong>eam</strong></span> <span class='ocrx_word' id='word_1_120' title='bbox 1225 1393 1556 1462; x_wconf 88' lang='lat' dir='ltr'><strong>disciplinarum</strong></span> 
     </span>
     <span class='ocr_line' id='line_1_17' title="bbox 116 1473 1559 1542; baseline 0 -19"><span class='ocrx_word' id='word_1_121' title='bbox 116 1474 514 1542; x_wconf 80' lang='lat' dir='ltr'><strong>depravatio‚&#39;quae</strong></span> <span class='ocrx_word' id='word_1_122' title='bbox 537 1493 749 1542; x_wconf 89' lang='lat' dir='ltr'><strong>processu</strong></span> <span class='ocrx_word' id='word_1_123' title='bbox 788 1474 1000 1541; x_wconf 89' lang='lat' dir='ltr'><strong>temporis</strong></span> <span class='ocrx_word' id='word_1_124' title='bbox 1014 1512 1026 1532; x_wconf 87' lang='lat'><strong>‚</strong></span> <span class='ocrx_word' id='word_1_125' title='bbox 1052 1473 1252 1523; x_wconf 86' lang='lat' dir='ltr'><strong>scientiis</strong></span> <span class='ocrx_word' id='word_1_126' title='bbox 1271 1473 1485 1541; x_wconf 90' lang='lat' dir='ltr'><strong>paulatim</strong></span> <span class='ocrx_word' id='word_1_127' title='bbox 1507 1494 1559 1523; x_wconf 89' lang='lat' dir='ltr'><strong>ex</strong></span> 
     </span>
     <span class='ocr_line' id='line_1_18' title="bbox 113 1550 1561 1618; baseline 0 -18"><span class='ocrx_word' id='word_1_128' title='bbox 113 1551 220 1600; x_wconf 73' lang='lat' dir='ltr'><strong>rudi</strong></span> <span class='ocrx_word' id='word_1_129' title='bbox 240 1551 288 1599; x_wconf 92' lang='lat' dir='ltr'><strong>in</strong></span> <span class='ocrx_word' id='word_1_130' title='bbox 309 1551 465 1601; x_wconf 86' lang='lat' dir='ltr'><strong>rudius</strong></span> <span class='ocrx_word' id='word_1_131' title='bbox 489 1551 717 1616; x_wconf 81' lang='lat' dir='ltr'><strong>ingenium</strong></span> <span class='ocrx_word' id='word_1_132' title='bbox 751 1551 877 1617; x_wconf 89' lang='lat' dir='ltr'><strong>quasi</strong></span> <span class='ocrx_word' id='word_1_133' title='bbox 907 1570 988 1618; x_wconf 92' lang='lat' dir='ltr'><strong>per</strong></span> <span class='ocrx_word' id='word_1_134' title='bbox 1016 1570 1172 1600; x_wconf 90' lang='lat' dir='ltr'><strong>manus</strong></span> <span class='ocrx_word' id='word_1_135' title='bbox 1195 1550 1395 1610; x_wconf 86' lang='lat' dir='ltr'><strong>traditis,</strong></span> <span class='ocrx_word' id='word_1_136' title='bbox 1419 1551 1561 1615; x_wconf 84' lang='lat' dir='ltr'><strong>major</strong></span> 
     </span>
     <span class='ocr_line' id='line_1_19' title="bbox 119 1626 1561 1697; baseline -0.001 -21"><span class='ocrx_word' id='word_1_137' title='bbox 119 1628 166 1676; x_wconf 91' lang='lat' dir='ltr'><strong>in</strong></span> <span class='ocrx_word' id='word_1_138' title='bbox 183 1627 279 1678; x_wconf 86' lang='lat' dir='ltr'><strong>dies</strong></span> <span class='ocrx_word' id='word_1_139' title='bbox 294 1629 445 1688; x_wconf 85' lang='lat' dir='ltr'><strong>evasit,</strong></span> <span class='ocrx_word' id='word_1_140' title='bbox 459 1630 660 1697; x_wconf 83' lang='lat' dir='ltr'><strong>adeoque</strong></span> <span class='ocrx_word' id='word_1_141' title='bbox 676 1629 859 1678; x_wconf 84' lang='lat' dir='ltr'><strong>adaucta</strong></span> <span class='ocrx_word' id='word_1_142' title='bbox 874 1641 965 1687; x_wconf 82' lang='lat' dir='ltr'><strong>est,</strong></span> <span class='ocrx_word' id='word_1_143' title='bbox 983 1640 1033 1677; x_wconf 90' lang='lat' dir='ltr'><strong>ut</strong></span> <span class='ocrx_word' id='word_1_144' title='bbox 1046 1641 1199 1677; x_wconf 88' lang='lat' dir='ltr'><strong>nostra</strong></span> <span class='ocrx_word' id='word_1_145' title='bbox 1214 1640 1340 1677; x_wconf 89' lang='lat' dir='ltr'><strong>aetate</strong></span> <span class='ocrx_word' id='word_1_146' title='bbox 1353 1629 1424 1675; x_wconf 85' lang='lat' dir='ltr'><strong>vix</strong></span> <span class='ocrx_word' id='word_1_147' title='bbox 1441 1626 1561 1676; x_wconf 66' lang='lat' dir='ltr'><strong>ron-1211</strong></span> 
     </span>
     <span class='ocr_line' id='line_1_20' title="bbox 118 1706 1557 1776; baseline 0.001 -21"><span class='ocrx_word' id='word_1_148' title='bbox 118 1706 308 1774; x_wconf 82' lang='lat' dir='ltr'><strong>aliquod</strong></span> <span class='ocrx_word' id='word_1_149' title='bbox 329 1727 499 1757; x_wconf 89' lang='lat' dir='ltr'><strong>merum</strong></span> <span class='ocrx_word' id='word_1_150' title='bbox 523 1721 657 1776; x_wconf 87' lang='lat' dir='ltr'><strong>atque</strong></span> <span class='ocrx_word' id='word_1_151' title='bbox 693 1709 908 1757; x_wconf 85' lang='lat' dir='ltr'><strong>intactum</strong></span> <span class='ocrx_word' id='word_1_152' title='bbox 942 1708 1133 1774; x_wconf 87' lang='lat' dir='ltr'><strong>reperire</strong></span> <span class='ocrx_word' id='word_1_153' title='bbox 1166 1709 1225 1756; x_wconf 91' lang='lat' dir='ltr'><strong>sit</strong></span> <span class='ocrx_word' id='word_1_154' title='bbox 1255 1708 1302 1755; x_wconf 90' lang='lat' dir='ltr'><strong>in</strong></span> <span class='ocrx_word' id='word_1_155' title='bbox 1332 1719 1557 1774; x_wconf 90' lang='lat' dir='ltr'><strong>promptu.</strong></span> 
     </span>
     <span class='ocr_line' id='line_1_21' title="bbox 123 1785 1557 1852; baseline 0 -18"><span class='ocrx_word' id='word_1_156' title='bbox 123 1786 347 1850; x_wconf 84' lang='lat' dir='ltr'><strong>Quocirca</strong></span> <span class='ocrx_word' id='word_1_157' title='bbox 371 1786 485 1835; x_wconf 90' lang='lat' dir='ltr'><strong>hanc</strong></span> <span class='ocrx_word' id='word_1_158' title='bbox 509 1786 806 1836; x_wconf 87' lang='lat' dir='ltr'><strong>doctrinarum</strong></span> <span class='ocrx_word' id='word_1_159' title='bbox 829 1785 1124 1852; x_wconf 90' lang='lat' dir='ltr'><strong>corruptelam</strong></span> <span class='ocrx_word' id='word_1_160' title='bbox 1147 1786 1374 1843; x_wconf 87' lang='lat' dir='ltr'><strong>evitaturi,</strong></span> <span class='ocrx_word' id='word_1_161' title='bbox 1397 1804 1476 1852; x_wconf 86' lang='lat' dir='ltr'><strong>per</strong></span> <span class='ocrx_word' id='word_1_162' title='bbox 1495 1786 1557 1834; x_wconf 91' lang='lat' dir='ltr'><strong>fa-</strong></span> 
     </span>
     <span class='ocr_line' id='line_1_22' title="bbox 119 1861 1559 1932; baseline 0.001 -21"><span class='ocrx_word' id='word_1_163' title='bbox 119 1861 250 1913; x_wconf 83' lang='lat' dir='ltr'><strong>bulas</strong></span> <span class='ocrx_word' id='word_1_164' title='bbox 271 1863 583 1932; x_wconf 88' lang='lat' dir='ltr'><strong>pbilosophari</strong></span> <span class='ocrx_word' id='word_1_165' title='bbox 607 1875 862 1931; x_wconf 84' lang='lat' dir='ltr'><strong>coeperunt,</strong></span> <span class='ocrx_word' id='word_1_166' title='bbox 891 1864 1135 1932; x_wconf 88' lang='lat' dir='ltr'><strong>harumque</strong></span> <span class='ocrx_word' id='word_1_167' title='bbox 1158 1865 1473 1927; x_wconf 86' lang='lat' dir='ltr'><strong>integumentis</strong></span> <span class='ocrx_word' id='word_1_168' title='bbox 1491 1884 1559 1913; x_wconf 87' lang='lat' dir='ltr'><strong>sa-</strong></span> 
     </span>
     <span class='ocr_line' id='line_1_23' title="bbox 122 1942 1562 2011; baseline 0.001 -21"><span class='ocrx_word' id='word_1_169' title='bbox 122 1942 299 2009; x_wconf 82' lang='lat' dir='ltr'><strong>pientiae</strong></span> <span class='ocrx_word' id='word_1_170' title='bbox 313 1944 518 2010; x_wconf 86' lang='lat' dir='ltr'><strong>mysteria</strong></span> <span class='ocrx_word' id='word_1_171' title='bbox 534 1943 720 1993; x_wconf 88' lang='lat' dir='ltr'><strong>mirifico</strong></span> <span class='ocrx_word' id='word_1_172' title='bbox 738 1943 925 1992; x_wconf 83' lang='lat' dir='ltr'><strong>artificio</strong></span> <span class='ocrx_word' id='word_1_173' title='bbox 937 1944 1205 1993; x_wconf 89' lang='lat' dir='ltr'><strong>abdiderunt</strong></span> <span class='ocrx_word' id='word_1_174' title='bbox 1221 1966 1229 1993; x_wconf 95' lang='lat'><strong>:</strong></span> <span class='ocrx_word' id='word_1_175' title='bbox 1247 1963 1343 2011; x_wconf 88' lang='lat' dir='ltr'><strong>quae</strong></span> <span class='ocrx_word' id='word_1_176' title='bbox 1359 1957 1562 2010; x_wconf 89' lang='lat' dir='ltr'><strong>paterent</strong></span> 
     </span>
     <span class='ocr_line' id='line_1_24' title="bbox 94 2013 1561 2091; baseline 0.003 -23"><span class='ocrx_word' id='word_1_177' title='bbox 94 2013 98 2017; x_wconf 38' lang='lat'>⁵</span> <span class='ocrx_word' id='word_1_178' title='bbox 125 2032 259 2087; x_wconf 88' lang='lat' dir='ltr'><strong>atque</strong></span> <span class='ocrx_word' id='word_1_179' title='bbox 275 2021 407 2070; x_wconf 80' lang='lat' dir='ltr'><strong>obvia</strong></span> <span class='ocrx_word' id='word_1_180' title='bbox 430 2035 575 2072; x_wconf 86' lang='lat' dir='ltr'><strong>essent</strong></span> <span class='ocrx_word' id='word_1_181' title='bbox 593 2022 817 2086; x_wconf 85' lang='lat' dir='ltr'><strong>castigatis</strong></span> <span class='ocrx_word' id='word_1_182' title='bbox 837 2023 1251 2089; x_wconf 85' lang='lat' dir='ltr'><strong>duntaxatingeniis</strong></span> <span class='ocrx_word' id='word_1_183' title='bbox 1267 2063 1278 2083; x_wconf 84' lang='lat'>‚</span> <span class='ocrx_word' id='word_1_184' title='bbox 1297 2023 1561 2091; x_wconf 90' lang='lat' dir='ltr'><strong>minimeque</strong></span> 
     </span>
     <span class='ocr_line' id='line_1_25' title="bbox 129 2098 1561 2169; baseline 0.002 -23"><span class='ocrx_word' id='word_1_185' title='bbox 129 2098 186 2146; x_wconf 88' lang='lat' dir='ltr'><strong>ad</strong></span> <span class='ocrx_word' id='word_1_186' title='bbox 215 2098 524 2149; x_wconf 88' lang='lat' dir='ltr'><strong>adulterandas</strong></span> <span class='ocrx_word' id='word_1_187' title='bbox 563 2100 661 2150; x_wconf 90' lang='lat' dir='ltr'><strong>illas</strong></span> <span class='ocrx_word' id='word_1_188' title='bbox 690 2120 740 2149; x_wconf 87' lang='lat' dir='ltr'><strong>ac</strong></span> <span class='ocrx_word' id='word_1_189' title='bbox 775 2102 1137 2151; x_wconf 87' lang='lat' dir='ltr'><strong>contaminandas</strong></span> <span class='ocrx_word' id='word_1_190' title='bbox 1169 2101 1446 2169; x_wconf 87' lang='lat' dir='ltr'><strong>comparatis.</strong></span> <span class='ocrx_word' id='word_1_191' title='bbox 1489 2102 1561 2150; x_wconf 91' lang='lat' dir='ltr'><strong>Ad</strong></span> 
     </span>
     <span class='ocr_line' id='line_1_26' title="bbox 124 2178 1560 2248; baseline 0.002 -23"><span class='ocrx_word' id='word_1_192' title='bbox 124 2178 468 2228; x_wconf 83' lang='lat' dir='ltr'><strong>conservandam</strong></span> <span class='ocrx_word' id='word_1_193' title='bbox 489 2179 627 2242; x_wconf 85' lang='lat' dir='ltr'><strong>igitur</strong></span> <span class='ocrx_word' id='word_1_194' title='bbox 648 2180 761 2228; x_wconf 89' lang='lat' dir='ltr'><strong>banc</strong></span> <span class='ocrx_word' id='word_1_195' title='bbox 779 2179 1079 2247; x_wconf 68' lang='lat' dir='ltr'><strong>philosophiae</strong></span> <span class='ocrx_word' id='word_1_196' title='bbox 1099 2179 1281 2229; x_wconf 88' lang='lat' dir='ltr'><strong>illibatae</strong></span> <span class='ocrx_word' id='word_1_197' title='bbox 1302 2181 1536 2248; x_wconf 88' lang='lat' dir='ltr'><strong>puritatem</strong></span> <span class='ocrx_word' id='word_1_198' title='bbox 1549 2219 1560 2238; x_wconf 82' lang='lat'>‚</span> 
     </span>
     <span class='ocr_line' id='line_1_27' title="bbox 125 2257 1562 2326; baseline 0.001 -20"><span class='ocrx_word' id='word_1_199' title='bbox 125 2257 430 2306; x_wconf 88' lang='lat' dir='ltr'><strong>adhibuerunt</strong></span> <span class='ocrx_word' id='word_1_200' title='bbox 454 2259 582 2307; x_wconf 90' lang='lat' dir='ltr'><strong>etiam</strong></span> <span class='ocrx_word' id='word_1_201' title='bbox 608 2258 793 2307; x_wconf 89' lang='lat' dir='ltr'><strong>alterum</strong></span> <span class='ocrx_word' id='word_1_202' title='bbox 824 2260 1066 2308; x_wconf 83' lang='lat' dir='ltr'><strong>remedium</strong></span> <span class='ocrx_word' id='word_1_203' title='bbox 1083 2298 1094 2317; x_wconf 88' lang='lat'>‚</span> <span class='ocrx_word' id='word_1_204' title='bbox 1122 2260 1244 2326; x_wconf 90' lang='lat' dir='ltr'><strong>quod</strong></span> <span class='ocrx_word' id='word_1_205' title='bbox 1270 2259 1356 2308; x_wconf 89' lang='lat' dir='ltr'><strong>illis</strong></span> <span class='ocrx_word' id='word_1_206' title='bbox 1380 2259 1562 2308; x_wconf 87' lang='lat' dir='ltr'><strong>accessit</strong></span> 
     </span>
     <span class='ocr_line' id='line_1_28' title="bbox 125 2336 1561 2404; baseline 0.001 -19"><span class='ocrx_word' id='word_1_207' title='bbox 125 2336 182 2385; x_wconf 91' lang='lat' dir='ltr'><strong>ab</strong></span> <span class='ocrx_word' id='word_1_208' title='bbox 206 2337 408 2386; x_wconf 83' lang='lat' dir='ltr'><strong>oratione</strong></span> <span class='ocrx_word' id='word_1_209' title='bbox 439 2355 697 2395; x_wconf 90' lang='lat' dir='ltr'><strong>numerosa,</strong></span> <span class='ocrx_word' id='word_1_210' title='bbox 732 2356 780 2385; x_wconf 90' lang='lat' dir='ltr'><strong>ac</strong></span> <span class='ocrx_word' id='word_1_211' title='bbox 803 2337 966 2404; x_wconf 91' lang='lat' dir='ltr'><strong>pedum</strong></span> <span class='ocrx_word' id='word_1_212' title='bbox 991 2337 1178 2386; x_wconf 88' lang='lat' dir='ltr'><strong>vinculis</strong></span> <span class='ocrx_word' id='word_1_213' title='bbox 1207 2337 1399 2401; x_wconf 87' lang='lat' dir='ltr'><strong>adligata</strong></span> <span class='ocrx_word' id='word_1_214' title='bbox 1420 2375 1432 2396; x_wconf 82' lang='lat'>,</span> <span class='ocrx_word' id='word_1_215' title='bbox 1465 2356 1561 2404; x_wconf 91' lang='lat' dir='ltr'><strong>quae</strong></span> 
     </span>
     <span class='ocr_line' id='line_1_29' title="bbox 130 2415 1561 2483; baseline -0.002 -17"><span class='ocrx_word' id='word_1_216' title='bbox 130 2428 363 2483; x_wconf 82' lang='lat' dir='ltr'><strong>poetarum</strong></span> <span class='ocrx_word' id='word_1_217' title='bbox 386 2428 454 2466; x_wconf 92' lang='lat' dir='ltr'><strong>est</strong></span> <span class='ocrx_word' id='word_1_218' title='bbox 477 2416 672 2483; x_wconf 88' lang='lat' dir='ltr'><strong>propria.</strong></span> <span class='ocrx_word' id='word_1_219' title='bbox 712 2415 1039 2464; x_wconf 78' lang='lat' dir='ltr'><strong>Existimabam</strong></span> <span class='ocrx_word' id='word_1_220' title='bbox 1063 2415 1178 2465; x_wconf 90' lang='lat' dir='ltr'><strong>enim</strong></span> <span class='ocrx_word' id='word_1_221' title='bbox 1193 2453 1206 2473; x_wconf 86' lang='lat'><strong><em>,</em></strong></span> <span class='ocrx_word' id='word_1_222' title='bbox 1232 2417 1354 2482; x_wconf 90' lang='lat' dir='ltr'><strong>quod</strong></span> <span class='ocrx_word' id='word_1_223' title='bbox 1375 2435 1443 2464; x_wconf 86' lang='lat' dir='ltr'><strong>res</strong></span> <span class='ocrx_word' id='word_1_224' title='bbox 1465 2427 1532 2464; x_wconf 90' lang='lat' dir='ltr'><strong>est</strong></span> <span class='ocrx_word' id='word_1_225' title='bbox 1549 2454 1561 2473; x_wconf 78' lang='lat'><strong><em>,</em></strong></span> 
     </span>
     <span class='ocr_line' id='line_1_30' title="bbox 129 2493 1560 2560; baseline 0 -17"><span class='ocrx_word' id='word_1_226' title='bbox 129 2494 376 2544; x_wconf 85' lang='lat' dir='ltr'><strong>doctrinam</strong></span> <span class='ocrx_word' id='word_1_227' title='bbox 400 2494 453 2543; x_wconf 88' lang='lat' dir='ltr'><strong>de</strong></span> <span class='ocrx_word' id='word_1_228' title='bbox 478 2505 635 2542; x_wconf 86' lang='lat' dir='ltr'><strong>natura</strong></span> <span class='ocrx_word' id='word_1_229' title='bbox 651 2531 664 2549; x_wconf 79' lang='lat'>‚</span> <span class='ocrx_word' id='word_1_230' title='bbox 683 2493 905 2560; x_wconf 87' lang='lat' dir='ltr'><strong>rebusque</strong></span> <span class='ocrx_word' id='word_1_231' title='bbox 927 2493 1112 2542; x_wconf 90' lang='lat' dir='ltr'><strong>occultis</strong></span> <span class='ocrx_word' id='word_1_232' title='bbox 1126 2531 1137 2551; x_wconf 92' lang='lat'><strong>‚</strong></span> <span class='ocrx_word' id='word_1_233' title='bbox 1163 2513 1248 2542; x_wconf 90' lang='lat' dir='ltr'><strong>una</strong></span> <span class='ocrx_word' id='word_1_234' title='bbox 1272 2513 1371 2543; x_wconf 88' lang='lat' dir='ltr'><strong>cum</strong></span> <span class='ocrx_word' id='word_1_235' title='bbox 1389 2514 1560 2543; x_wconf 89' lang='lat' dir='ltr'><strong>morum</strong></span> 
     </span>
     <span class='ocr_line' id='line_1_31' title="bbox 128 2571 1561 2638; baseline -0.001 -17"><span class='ocrx_word' id='word_1_236' title='bbox 128 2571 302 2621; x_wconf 86' lang='lat' dir='ltr'><strong>ratione</strong></span> <span class='ocrx_word' id='word_1_237' title='bbox 322 2572 544 2630; x_wconf 88' lang='lat' dir='ltr'><strong>universa,</strong></span> <span class='ocrx_word' id='word_1_238' title='bbox 570 2571 771 2620; x_wconf 88' lang='lat' dir='ltr'><strong>versibus</strong></span> <span class='ocrx_word' id='word_1_239' title='bbox 802 2571 1184 2638; x_wconf 84' lang='lat' dir='ltr'><strong>comprehensam,</strong></span> <span class='ocrx_word' id='word_1_240' title='bbox 1209 2591 1301 2621; x_wconf 88' lang='lat' dir='ltr'><strong>non</strong></span> <span class='ocrx_word' id='word_1_241' title='bbox 1332 2573 1465 2621; x_wconf 90' lang='lat' dir='ltr'><strong>modo</strong></span> <span class='ocrx_word' id='word_1_242' title='bbox 1494 2591 1561 2620; x_wconf 81' lang='lat' dir='ltr'><strong>ar-</strong></span> 
     </span>
     <span class='ocr_line' id='line_1_32' title="bbox 129 2650 1562 2718; baseline -0.003 -17"><span class='ocrx_word' id='word_1_243' title='bbox 129 2651 247 2701; x_wconf 89' lang='lat' dir='ltr'><strong>ctius</strong></span> <span class='ocrx_word' id='word_1_244' title='bbox 279 2651 498 2701; x_wconf 88' lang='lat' dir='ltr'><strong>memoriae</strong></span> <span class='ocrx_word' id='word_1_245' title='bbox 521 2650 705 2699; x_wconf 84' lang='lat' dir='ltr'><strong>infixum</strong></span> <span class='ocrx_word' id='word_1_246' title='bbox 728 2651 812 2708; x_wconf 83' lang='lat' dir='ltr'><strong>iri,</strong></span> <span class='ocrx_word' id='word_1_247' title='bbox 838 2650 914 2699; x_wconf 89' lang='lat' dir='ltr'><strong>sed</strong></span> <span class='ocrx_word' id='word_1_248' title='bbox 939 2650 1068 2698; x_wconf 91' lang='lat' dir='ltr'><strong>etiam</strong></span> <span class='ocrx_word' id='word_1_249' title='bbox 1095 2651 1307 2718; x_wconf 89' lang='lat' dir='ltr'><strong>temporis</strong></span> <span class='ocrx_word' id='word_1_250' title='bbox 1330 2651 1533 2716; x_wconf 88' lang='lat' dir='ltr'><strong>injuriam</strong></span> <span class='ocrx_word' id='word_1_251' title='bbox 1551 2687 1562 2705; x_wconf 89' lang='lat'>‚</span> 
     </span>
     <span class='ocr_line' id='line_1_33' title="bbox 131 2728 1563 2798; baseline -0.002 -19"><span class='ocrx_word' id='word_1_252' title='bbox 131 2730 254 2798; x_wconf 86' lang='lat' dir='ltr'><strong>quod</strong></span> <span class='ocrx_word' id='word_1_253' title='bbox 280 2730 427 2780; x_wconf 87' lang='lat' dir='ltr'><strong>omnia</strong></span> <span class='ocrx_word' id='word_1_254' title='bbox 459 2741 602 2779; x_wconf 86' lang='lat' dir='ltr'><strong>mutat</strong></span> <span class='ocrx_word' id='word_1_255' title='bbox 623 2741 756 2796; x_wconf 90' lang='lat' dir='ltr'><strong>atque</strong></span> <span class='ocrx_word' id='word_1_256' title='bbox 779 2728 949 2786; x_wconf 88' lang='lat' dir='ltr'><strong>abolet,</strong></span> <span class='ocrx_word' id='word_1_257' title='bbox 975 2729 1122 2779; x_wconf 86' lang='lat' dir='ltr'><strong>minus</strong></span> <span class='ocrx_word' id='word_1_258' title='bbox 1142 2730 1189 2778; x_wconf 89' lang='lat' dir='ltr'><strong>in</strong></span> <span class='ocrx_word' id='word_1_259' title='bbox 1213 2729 1331 2779; x_wconf 88' lang='lat' dir='ltr'><strong>illam</strong></span> <span class='ocrx_word' id='word_1_260' title='bbox 1352 2731 1460 2795; x_wconf 84' lang='lat' dir='ltr'><strong>juris</strong></span> <span class='ocrx_word' id='word_1_261' title='bbox 1483 2730 1563 2777; x_wconf 84' lang='lat' dir='ltr'><strong>ha—</strong></span> 
     </span>
    </p>
   </div>
  </div>
 </body>
</html>
