1794 3100
269 220 352 262 282
703 211 1241 265 DEDICATIONES

264 310 381 372 genii
409 329 459 358 ac
485 311 708 360 suavitatis
735 312 1004 378 scriptum!)
1034 313 1218 362 imitatio
1244 309 1480 362 affectuum
1509 313 1555 361 in
1583 314 1682 380 qui-

264 388 349 435 hus
374 406 544 454 semper
574 401 752 451 regnat,
782 389 829 436 in
852 390 1067 438 Amorum
1098 391 1251 449 libris,
1277 391 1403 454 vigor
1423 403 1466 440 et
1487 390 1681 441 luxuries

260 465 385 513 beata
405 502 417 522 ,
454 485 550 532 quae
573 465 770 515 futurum
795 467 983 534 spondet
1005 481 1197 534 quantus
1222 470 1394 518 tandem
1417 469 1609 527 exstitit;
1632 470 1679 518 in

262 544 370 591 Arte
402 562 451 590 ac
483 541 697 590 Remedio
730 543 932 602 Amoris,
972 544 1231 611 disponendi
1266 566 1314 595 ac
1338 546 1511 594 dicendi
1535 547 1646 595 ratio
1665 584 1678 604 ,

262 620 526 682 gravissimae
555 621 778 670 sententiae
796 658 807 679 ,
844 622 1143 680 narrationes,
1187 642 1244 671 ac.
1274 642 1527 672 communes
1563 623 1677 680 loci,

259 717 375 763 quos
399 717 495 746 curn
518 699 704 747 maxima
733 699 986 748 dexteritate
1023 718 1072 747 ac
1106 701 1378 765 jucunditate
1410 701 1594 759 inserit;
1630 701 1677 749 in

261 776 716 827 Transformationum
747 777 901 836 libris,
935 791 1092 845 praeter
1127 779 1209 829 alia
1242 799 1333 838 non
1359 798 1524 845 pauca,
1562 796 1679 828 sum-

261 873 382 902 mum
405 855 528 904 orbis
543 892 554 910 ‚
581 856 670 903 sive
694 855 827 921 cycli,
857 876 986 922 quem
1010 869 1271 923 perpetuum
1296 857 1517 915 contexit,
1540 856 1678 905 artifi-

259 930 400 989 cium,
441 932 643 982 facundia
668 970 680 990 ,
713 953 763 981 ac
798 933 963 982 candor
986 972 997 990 ,
1036 946 1248 1000 quantum
1281 954 1359 982 sua
1392 953 1440 982 ac
1473 933 1680 999 peculiari

258 1007 404 1056 indole
421 1008 660 1067 excellunt,
688 1021 856 1058 tantum
875 1011 1206 1059 admirationem
1224 1023 1268 1059 et
1285 1010 1680 1075 ingeniumcujus-

259 1103 350 1149 qne
371 1086 599 1134 excedunt.
625 1088 685 1135 Et
707 1087 898 1153 ubique,
924 1100 1036 1154 quot
1058 1088 1351 1145 narrationes,
1386 1099 1455 1135 tot
1476 1087 1678 1136 'Sirenum

261 1163 428 1211 cantica
451 1182 501 1212 ac
524 1184 654 1213 voces
669 1203 681 1222 ,
707 1165 855 1214 habes.
877 1167 1018 1214 Nemo
1038 1179 1288 1231 poetarum,
1313 1176 1568 1228 argumenta
1589 1183 1681 1227 gra-

261 1238 380 1286 viora
394 1275 406 1296 ,
434 1240 554 1305 quod
575 1259 625 1288 ex
648 1241 703 1289 iis
726 1260 821 1306 quae
840 1240 1100 1289 interierunt
1116 1253 1260 1308 patet3
1278 1259 1406 1289 nemo
1426 1240 1587 1288 leviora
1603 1251 1679 1288 aut

259 1314 518 1373 humiliora,
544 1317 792 1365 exornanda
829 1317 916 1365 sibi
953 1318 1123 1366 sumsit.
1160 1318 1387 1365 Neminem
1425 1317 1679 1366 dexteritate

259 1391 392 1439 simili
406 1404 622 1441 versatum
645 1394 690 1440 in
712 1393 933 1459 utrisque,
956 1393 1086 1442 fidem
1108 1394 1274 1442 faciunt
1290 1413 1380 1460 prae
1397 1393 1562 1442 caeteris
1581 1412 1676 1460 quae

259 1481 442 1519 exstant.
471 1470 541 1518 Ad
560 1471 909 1537 philosophiam,
932 1472 1056 1536 cujus
1079 1471 1234 1520 domos
1256 1491 1407 1521 omnes
1424 1490 1473 1520 ac
1490 1471 1676 1520 familias

259 1548 484 1607 lustrarat,
509 1562 587 1598 aut
606 1551 920 1599 mathematum
935 1551 1144 1609 ,scientias
1158 1589 1170 1609 ,
1195 1571 1333 1617 quum
1352 1550 1510 1600 transit
1524 1550 1592 1598 vel
1611 1551 1677 1599 di-

260 1627 415 1684 vertit,
445 1646 535 1693 quo
568 1627 826 1676 obscuriora
848 1639 952 1676 sunt
976 1646 1072 1693 quae
1096 1619 1245 1684 docet,
1271 1646 1323 1675 eo
1346 1627 1491 1676 minus
1514 1627 1672 1684 haeret,

259 1702 397 1765 magis
419 1703 600 1752 candide
622 1722 671 1751 ac
695 1703 951 1769 simpliciter
972 1703 1155 1769 exponit
1182 1703 1395 1769 quicquid
1420 1703 1574 1752 didicit
1602 1715 1677 1751 aut

261 1779 411 1829 docet:
430 1799 531 1828 nam
554 1781 601 1828 in
622 1800 671 1829 ea
694 1793 837 1847 parte,
862 1800 993 1847 quam
1013 1780 1222 1830 moralem
1245 1780 1421 1838 dicunt,
1442 1781 1502 1828 ita
1525 1781 1678 1830 creber

262 1869 328 1906 cst
354 1870 430 1906 aut
453 1869 595 1916 totus,
616 1869 667 1906 ut
684 1857 856 1906 oracula
873 1858 1039 1924 ubique
1058 1859 1113 1905 ad
1128 1858 1260 1905 vitam
1279 1857 1519 1906 necessaria
1539 1857 1681 1906 effun-

261 1935 336 1985 dat
356 1955 365 1982 :
385 1953 528 2000 neque
546 1934 638 1984 sine
660 1954 789 1983 causa
809 1935 996 1983 Ethicen
1014 1954 1067 1982 ex
1088 1934 1181 1999 ejus
1198 1934 1374 2000 scriptis
1395 1933 1573 2000 quidam
1587 1933 1676 1998 jam

261 2013 491 2061 formarint
511 2032 521 2060 ε
542 2030 711 2077 semper
726 2014 793 2061 sui
813 2011 968 2061 similis
981 2049 994 2070 ,
1017 2023 1093 2059 aut
1109 2012 1269 2077 major;
1294 2011 1424 2059 etiam
1438 2022 1563 2059 aetate
1578 2009 1673 2069 illa,

261 2110 349 2158 qua
373 2090 578 2140 nonnulli
608 2091 813 2139 desinunt
833 2129 845 2148 ‚
882 2102 957 2138 aut
985 2089 1205 2153 languent.
1230 2092 1306 2137 Ut
1329 2089 1643 2138 fecunditatem
1662 2128 1674 2147 ,

261 2189 392 2236 quam
406 2169 626 2218 licentiam
641 2168 846 2217 nonnulli
863 2181 941 2216 aut
962 2168 1183 2217 lasciviam
1201 2168 1424 2226 dixerunt,
1445 2167 1676 2216 infelicitas

259 2256 400 2312 poetae
423 2257 499 2293 aut
532 2257 733 2294 senectus
761 2246 1016 2308 castigasse,
1042 2245 1297 2293 suavitatem
1320 2244 1449 2293 etiam
1475 2243 1646 2292 auxisse
1662 2281 1675 2300 ,

261 2323 469 2371 videatur.
486 2323 623 2387 Quod
635 2322 682 2370 in
694 2322 821 2371 libris
834 2323 1062 2380 Tristiu'm,
1075 2334 1118 2370 et
1136 2341 1249 2388 quos
1262 2321 1317 2381 de
1328 2322 1473 2368 Ponto
1487 2320 1677 2386 scripsit,

264 2401 408 2466 quivis
431 2400 559 2449 videt.
589 2402 641 2449 In
659 2401 822 2466 quibus
840 2400 1008 2449 cultum
1028 2401 1103 2466 qui
1121 2400 1388 2456 desiderant,
1403 2397 1615 2463 judicium
1628 2396 1676 2443 in

263 2477 346 2524 hoc
367 2476 534 2540 judicio
559 2476 794 2524 desiderari
815 2477 945 2524 etiam
968 2496 993 2524 a
1015 2476 1145 2524 nobis
1168 2475 1389 2541 patientur
1408 2493 1418 2521 ε
1438 2491 1577 2539 quum
1598 2488 1677 2519 ne-

265 2573 350 2621 que
366 2555 452 2603 hoc
472 2567 711 2621 spectaret,
736 2555 807 2603 cui
827 2555 932 2603 satis
950 2566 1086 2611 esset,
1106 2551 1217 2600 nihil
1237 2562 1452 2600 ostentare
1468 2550 1514 2597 in
1529 2548 1676 2605 luctum

262 2651 405 2699 neque
431 2633 574 2682 cultus
599 2651 768 2700 semper
799 2633 916 2681 absit
949 2633 1024 2698 qui
1049 2651 1143 2680 non
1172 2641 1426 2679 ostentatur.
1466 2628 1558 2691 Qui
1584 2645 1675 2674 non

267 2711 386 2759 deest
413 2710 460 2758 in
487 2711 558 2758 his
589 2710 739 2768 libris,
765 2711 840 2759 sed
869 2709 1136 2777 simplicitati
1163 2727 1212 2757 ac
1236 2706 1437 2763 candori,
1462 2706 1548 2754 hoc
1581 2714 1673 2758 est,
