1794 3100
234 224 315 267 126
660 227 709 268 P.
756 228 998 272 OVIDII
1036 229 1203 272 VITA

511 330 684 368 Exciderit
702 341 838 369 tantum
855 348 900 369 ne
918 335 979 370 tibi
996 348 1078 371 cura
1095 336 1165 371 mei
1184 350 1192 371 ε

448 391 565 437 Quam
586 400 622 427 tu
639 393 692 428 vel
710 395 801 440 longi
820 395 923 431 debes
939 396 1150 431 convictibus
1166 397 1227 432 aevi
1239 423 1248 440 ‚

485 454 553 488 Vel
570 468 643 489 mea
659 456 751 500 quod
769 457 893 502 conjux
909 470 981 491 non
1001 461 1113 492 aliena
1127 458 1200 492 tibi.

228 547 350 596 Idem
364 559 407 597 et
420 548 472 596 de
484 549 600 611 Rufi)
614 549 820 599 discimus
837 569 886 598 ex
904 551 972 598 El.
990 566 1040 600 xl
1054 552 1243 617 ejusdem
1255 552 1374 610 libri,
1386 572 1447 602 vs.
1473 553 1630 624 13-18:

444 662 576 706 Sponte
595 663 736 707 quidem
749 689 758 706 ,
778 677 840 708 per
854 676 958 709 seque
975 678 1048 698 mea
1062 672 1113 700 est
1130 665 1307 701 laudabilis
1322 679 1427 709 uxorJ

486 722 679 757 Admonitu
699 723 823 757 melior
838 723 878 758 fit
894 731 1011 758 tamen
1029 725 1086 759 illa
1104 732 1176 760 tuo.

449 783 608 828 Namque
629 783 721 829 quod
742 784 952 820 Hermiones
972 785 1096 820 Castor
1112 785 1176 820 suit
1190 813 1199 829 ,
1220 786 1352 822 Hector
1369 787 1454 831 Iuli,

487 843 568 878 Hoc
584 856 648 888 ego
665 850 698 877 te
716 843 814 878 laetor
830 845 982 888 conjugis
999 858 1069 879 esse
1085 858 1163 879 meae
1177 856 1190 886 ‚·
1252 835 1254 837 Ι

448 903 557 948 Quae,
577 916 620 937 ne
638 903 807 938 dissimilis
825 904 886 938 tibi
902 905 944 938 sit
961 904 1130 948 probitate
1143 930 1152 947 ,
1169 904 1299 939 laborat
1313 931 1322 948 ,

487 963 602 1007 Seque
619 966 671 997 tui
683 963 752 997 vita
765 967 940 1007 sanguinis
957 976 1028 998 esse
1045 964 1189 1009 probat:

226 1057 342 1106 unde
374 1056 517 1122 palam
544 1055 614 1114 fit,
639 1056 797 1122 Rufum
833 1056 966 1105 fuisse
993 1058 1125 1123 hujus
1150 1059 1286 1107 tertiae
1315 1059 1465 1108 uxoris
1487 1060 1639 1125 Ovidii

225 1134 464 1183 avunculum
480 1172 491 1188 ,
522 1132 887 1198 quemadmodum
910 1135 1129 1183 avunculus
1149 1147 1241 1183 erat
1262 1135 1502 1184 Hermiones
1530 1125 1641 1186 Cas-

225 1225 311 1269 tor,
338 1212 404 1259 uti
423 1223 466 1259 et
483 1211 579 1259 Iuli
591 1212 769 1259 Hector.
792 1212 966 1260 Etenim
987 1213 1206 1261 Hmzione
1224 1213 1312 1262 filia
1335 1215 1420 1262 suit
1436 1215 1633 1272 Helenoe,

227 1309 322 1356 quae
346 1309 470 1338 soror
494 1288 674 1337 Castoris
692 1301 734 1337 et
749 1289 932 1338 Pollucis
945 1330 956 1346 ,
981 1310 1031 1339 ex
1049 1291 1170 1340 Leda
1191 1312 1325 1341 uxore
1346 1293 1552 1359 Tyndari.
1571 1295 1639 1343 Ita

226 1366 351 1414 Iulus
365 1366 482 1414 filius
506 1377 596 1413 erat
611 1367 760 1414 AEneae
778 1385 828 1414 ex
852 1365 1024 1424 Creusa,
1049 1369 1212 1417 Priami
1229 1368 1337 1427 filia,
1366 1381 1408 1417 et
1433 1369 1637 1419 Hectoris

226 1462 390 1492 sorore.
416 1443 586 1491 Idcirco
610 1443 699 1490 haec
723 1443 912 1492 Nasonis
934 1464 1044 1492 uxor
1067 1453 1248 1494 matre‘m
1267 1445 1425 1494 habuit
1444 1444 1551 1509 Rufi
1564 1465 1637 1494 so-

226 1539 381 1568 rorem.
405 1520 571 1568 Fundis
581 1539 683 1568 vero
698 1521 837 1584 Rufus
849 1521 931 1569 iste
948 1520 1047 1579 fuit,
1062 1534 1112 1570 ut
1131 1521 1199 1571 El.
1215 1523 1289 1571 fin.
1309 1525 1472 1572 Noster
1485 1522 1634 1576 docet:

443 1634 597 1668 Maxima
616 1636 771 1669 Fundani
788 1634 894 1680 gloria
906 1661 916 1678 ,
935 1635 1043 1670 Ruri:
1055 1662 1064 1680 ,
1083 1639 1157 1671 soli.

290 1732 449 1778 Fuerat
482 1730 572 1777 haec
596 1729 745 1777 Ovidii
779 1731 905 1777 tertia
936 1731 1095 1795 conjux
1117 1742 1217 1778 ante
1237 1730 1362 1779 alteri
1385 1743 1523 1798 nupta
1543 1728 1637 1778 ma-

225 1810 310 1857 rito
325 1846 336 1867 ‚
361 1828 412 1857 ex
435 1828 524 1874 quo
545 1807 677 1855 filiam
701 1819 955 1873 pepererat,
981 1828 1109 1874 quam
1132 1822 1284 1875 postea
1307 1809 1496 1865 Suillius,
1529 1810 1636 1858 Ger—

225 1886 385 1934 manici
402 1886 584 1933 Caesaris
600 1903 743 1932 comes
759 1922 770 1942 ‚
795 1885 942 1943 duxit,
966 1905 1015 1933 ex
1033 1887 1199 1945 Ponto,
1216 1886 1292 1934 lib.
1313 1889 1390 1946 IV,
1412 1889 1493 1954 Ep.
1516 1900 1605 1935 vm
1620 1924 1632 1945 ,

225 1982 331 2011 vers.
359 1980 476 2028 9-12
497 1982 507 2010 z

432 2078 462 2122 ,J
464 2090 502 2111 us
519 2075 656 2121 aliquod
673 2075 805 2111 faciunt
821 2074 940 2121 affinia
954 2079 1091 2110 vincula
1106 2076 1204 2110 uobis
1218 2103 1227 2119 ‚

484 2137 574 2181 Quae
591 2149 729 2180 semper
745 2135 1110 2170 maneantillabefacta
1121 2162 1130 2178 ‚
1148 2149 1280 2180 precor.

444 2197 535 2232 Nam
551 2195 612 2230 tibi
629 2208 705 2240 quae
722 2196 848 2240 conjux
859 2222 868 2239 ,
888 2195 1013 2229 eadem
1029 2195 1112 2229 mihi
1117 2198 1200 2241 filia
1208 2209 1308 2240 pez-ne
1322 2204 1394 2232 est:

482 2258 529 2292 Et
544 2270 620 2302 quae
636 2264 669 2291 te
684 2270 838 2301 generum
855 2284 862 2297 ,
894 2269 950 2291 me
967 2265 1065 2292 vocat
1081 2257 1138 2292 illa
1155 2262 1259 2293 virum
1271 2286 1279 2300 ,
1303 2265 1368 2293 etc.

290 2352 426 2417 Quod
447 2371 580 2418 porro
599 2353 761 2400 Noster
779 2352 831 2399 de
847 2370 923 2400 sua
942 2352 1171 2417 subjungit
1191 2352 1297 2410 filia‚
1322 2363 1554 2418 postquam
1576 2352 1629 2400 de

224 2430 314 2478 suis
327 2429 591 2495 conjugibus
603 2442 846 2477 narraverat
858 2466 870 2486 ‚
888 2429 1140 2492 ambiguum
1158 2429 1311 2488 efficit,
1325 2448 1410 2495 qua
1426 2449 1478 2478 ex
1495 2448 1629 2479 uxore

224 2526 317 2556 eam
341 2506 564 2569 genuerit,
590 2506 722 2554 Trist.
750 2505 826 2554 lib.
854 2508 931 2564 IV,
958 2505 1087 2570 Eleg.>
1107 2520 1157 2564 Χ,
1181 2526 1288 2555 vers.
1317 2507 1378 2573 75·
1397 2519 1439 2556 et
1466 2506 1555 2572 76:

438 2623 528 2654 Filia
542 2620 593 2654 his
609 2621 720 2665 prima
738 2634 810 2654 mea
826 2633 882 2654 me
899 2619 1061 2654 foecuuda
1077 2620 1236 2666 juventa,

479 2680 547 2714 Sed
568 2693 637 2714 non
655 2693 694 2714 ex
711 2693 782 2715 uno
800 2681 947 2725 conjuge
964 2706 972 2723 ,
991 2680 1073 2715 fecit
1091 2692 1201 2714 avum.
