1820 3106
1288 266 1542 282 mmm

197 401 563 474 PUBLII
624 401 962 471 ovum
1011 398 1457 469 NASONIS

644 572 952 660 IBIS.
988 567 1014 592 *

593 857 1075 899 ARGUMENTUM.

119 966 222 1010 Ibin,
245 964 310 1001 sub
327 976 399 1010 quo
413 963 559 999 nomine
578 962 766 1010 Hyginum
783 962 891 997 latere
907 962 1051 1006 volunt,
1079 960 1174 1007 quod
1193 959 1314 997 Ovidii
1332 973 1466 997 nomen
1486 973 1566 996 ma—

162 1021 299 1058 ledictis
316 1020 485 1056 laceraret
499 1046 509 1064 ,
531 1026 568 1054 et
583 1019 677 1054 falsis
698 1018 1002 1054 criminationibus
1019 1018 1057 1053 in
1070 1017 1240 1053 invidiam
1259 1024 1293 1053 et
1311 1018 1435 1053 odium
1454 1017 1569 1053 addu-

165 1086 264 1116 ceret
276 1105 285 1122 ,
304 1077 399 1124 quod
415 1089 523 1123 porro
535 1077 612 1122 ejus
625 1088 772 1111 uxorem
782 1075 983 1112 sollicitaret
1002 1076 1206 1122 importune
1219 1103 1228 1121 ,
1242 1076 1408 1123 quodque
1419 1076 1571 1113 fortunis

167 1133 324 1170 inhiaret
339 1139 476 1179 poetae,
497 1131 581 1166 diris
607 1131 773 1166 omnibus
801 1130 858 1165 hic
887 1130 1049 1166 devovet.
1072 1130 1169 1183 Nihil
1194 1145 1268 1167 esse
1291 1132 1374 1167 mali
1392 1159 1401 1176 ,
1430 1131 1570 1167 nullum

169 1190 306 1236 uspiam
337 1187 589 1235 suppliciorum
613 1199 870 1233 poenarumque
897 1200 1008 1233 genus
1025 1213 1034 1231 ,
1061 1200 1132 1232 quo
1158 1188 1362 1223 mortalium
1387 1188 1573 1235 quisquam

168 1245 214 1281 sit
239 1244 422 1287 adfectus,
451 1255 523 1288 quo
545 1255 620 1277 non
640 1241 768 1288 dignus
787 1243 832 1278 sit
849 1243 919 1278 Ibis
936 1269 946 1287 ,
970 1242 1126 1279 nimium
1148 1243 1226 1279 fuse
1253 1244 1357 1280 docet
1372 1271 1382 1289 ‚
1411 1245 1575 1281 vindictae

169 1302 263 1337 ultra
274 1299 426 1336 modum
441 1298 639 1344 indulgens.
688 1297 691 1300 '

131 1405 384 1475 TEMPUS
407 1422 464 1472 ad
485 1422 574 1472 hoc
588 1460 600 1481 ‚
624 1421 779 1471 lustris
800 1421 891 1487 jam
910 1422 984 1471 bis
1006 1422 1118 1471 mihi
1142 1424 1340 1491 quinque
1363 1426 1576 1492 peractis,

197 1507 346 1556 Omne
369 1503 457 1553 fuit
477 1504 624 1551 Musae
651 1520 827 1550 carmen
850 1501 1018 1551 inerme
1040 1521 1146 1551 meae
1168 1522 1178 1561 ;

130 1583 380 1651 Nullaque,
408 1601 506 1649 quae
527 1580 701 1648 possit,
728 1579 905 1646 scriptis
932 1591 1001 1628 tot
1021 1579 1222 1631 millibus
1241 1594 1383 1632 exstat

198 1661 351 1712 Litera
373 1659 594 1717 Nasonis,
620 1658 963 1722 sanguinolenta
987 1658 1087 1722 legi.

133 1739 229 1788 Nec
253 1754 520 1806 quemquam
542 1734 712 1793 nostri,
737 1734 825 1783 nisi
848 1754 958 1794 nos,
980 1733 1128 1784 laesere
1157 1735 1327 1796 libelli,
1563 1754 1583 1787 ι’»

180 1853 206 1878 *
222 1851 308 1889 1818.
325 1851 381 1888 Ita
395 1850 524 1886 rectius
535 1849 747 1886 inscribetur
756 1849 826 1885 hoc

137 1917 264 1952 poema
274 1931 284 1950 ,
297 1916 403 1951 quam
419 1903 465 1938 In
477 1903 561 1938 lum
573 1929 583 1946 ,
596 1901 692 1947 quod
705 1900 827 1937 hacte-

136 1972 206 1994 nus
217 1956 479 1998 circumfertur;
491 1968 608 2001 neque
617 1955 828 1990 alitersuum

138 2025 268 2059 poema
279 2010 517 2047 Callimachus
529 2007 829 2055 inscripserat.Vi-

142 2065 187 2100 de
201 2064 349 2100 Suidam
363 2064 401 2099 iu
418 2068 630 2108 Καλλίμαχος.
651 2061 829 2109 Eutyches

143 2129 284 2162 quoque
301 2115 560 2151 Grammaticus
573 2141 582 2158 ,
602 2114 660 2149 lib.
674 2114 733 2158 ΙΙ,
751 2115 830 2149 Ovi·

143 2170 236 2204 dium
247 2171 283 2203 ιίι
293 2168 390 2201 Ibide
403 2167 486 2202 citat
495 2193 505 2210 ,
522 2179 597 2201 non
613 2171 649 2200 in
660 2167 747 2201 Ibin.
761 2164 832 2201 Co-

146 2220 241 2255 dices
267 2219 373 2264 hujus
395 2218 522 2262 libelli,
541 2219 602 2264 qui
620 2225 833 2253 vetustatem

147 2280 183 2309 et
201 2284 350 2307 manum
360 2270 561 2317 castigatam
568 2283 640 2316 prae
650 2284 686 2306 se
699 2270 831 2315 ferant,

145 2325 202 2360 vix
212 2323 457 2360 inveniuntur.
467 2323 688 2369 Exemplaria
698 2330 834 2368 tamen,

149 2377 275 2424 quibus
297 2376 445 2411 Juretus
462 2382 498 2410 et
516 2375 712 2411 Pontianus
734 2384 837 2412 erant

149 2431 223 2476 usi,
241 2430 279 2466 in
297 2430 440 2477 optimis
466 2429 628 2464 habenda
644 2437 736 2464 sunt.
755 2428 838 2465 Cae-

149 2491 239 2528 tera,
251 2495 329 2529 quae
339 2482 382 2517 ad
396 2494 546 2516 manum
560 2481 646 2516 mihi
659 2482 740 2517 satis
751 2482 841 2516 mul-

150 2543 188 2572 ta
209 2535 358 2571 fuerunt
371 2561 381 2579 ,
402 2541 496 2569 notae
522 2541 605 2569 sunt
624 2535 839 2569 recentioris.

151 2588 305 2625 Interim
322 2589 360 2623 in
377 2595 580 2623 transcursu
591 2600 688 2622 nunc
701 2600 841 2633 poema·

152 2640 243 2676 tium
254 2640 322 2675 hoc
331 2634 544 2675 illustremus
557 2666 566 2684 ‚
585 2639 679 2685 quod
695 2640 787 2674 curis
794 2653 843 2674 se-

155 2692 280 2730 cundis
297 2692 497 2739 diligentius
511 2706 632 2728 sumus
641 2693 777 2728 facturi.
794 2693 843 2727 H.

204 2759 231 2781 1.
250 2747 396 2781 lustris.
416 2746 584 2782 Lustrum
602 2746 765 2782 dixerunt
781 2747 847 2781 La-

158 2799 223 2836 tini
231 2799 381 2846 spatium
390 2799 545 2846 quinque
554 2799 844 2846 annorum,quod

321 2860 475 2907 VIII.

893 1849 1009 1886 Graeci
1029 1852 1220 1896 ὅλυμπτιάθα
1231 1851 1465 1898 adpellarunt.
1482 1854 1582 1889 Serv.

893 1903 930 1938 in
944 1903 1156 1940 AEneid.1ib.
1172 1906 1207 1948 I,
1223 1919 1269 1940 vs.
1287 1907 1370 1941 283:
1383 1922 1398 1935 «
1413 1908 1583 1943 Lustrum

895 1957 1028 1993 dictum
1043 1984 1052 2002 ,
1073 1958 1168 2004 quod
1194 1967 1270 2004 post
1298 1961 1587 2006 quinquennium

895 2025 1118 2058 unaquaeque
1131 2013 1252 2049 civitas
1265 2015 1489 2052 lustrabatur.
1503 2018 1590 2053 Un-

896 2064 940 2099 de
960 2065 1086 2100 Romae
1104 2066 1350 2102 ambilustrum
1362 2096 1371 2112 ‚
1399 2070 1493 2114 quod
1511 2085 1586 2105 non

895 2115 1048 2159 licebat,
1072 2118 1137 2153 nisi
1161 2119 1281 2155 ambos
1299 2134 1462 2157 censores
1476 2150 1486 2165 ‚
1510 2132 1589 2169 post

898 2169 1185 2214 quinquennium
1204 2171 1350 2207 lustrare
1366 2174 1554 2210 civitatem.
1572 2191 1588 2206 »ι

901 2221 1075 2266 Quamvis
1104 2224 1223 2258 Varro
1249 2238 1268 2259 a
1292 2227 1416 2261 luendo
1430 2254 1439 2271 ‚
1461 2228 1495 2261 id
1515 2235 1589 2271 est,

899 2273 1069 2309 solvendo
1085 2275 1235 2311 lustrum
1249 2276 1364 2321 ducit,
1383 2279 1476 2324 quod
1491 2282 1592 2326 quiu-

902 2333 938 2360 to
955 2339 1094 2372 quoque
1111 2341 1206 2362 anno
1225 2329 1422 2375 vectigalia,
1447 2339 1481 2366 et
1500 2333 1592 2368 ultro

903 2378 1034 2413 tributa
1058 2393 1122 2425 per
1145 2394 1307 2417 censores
1336 2384 1591 2428 persolveban-

904 2439 973 2467 tur.
992 2433 1138 2469 Domrr.

952 2497 981 2517 2.
1008 2485 1149 2518 Carmen
1166 2488 1288 2519 inerme
1301 2492 1366 2521 etc.
1384 2488 1456 2523 Hic
1476 2502 1594 2524 mores

906 2547 987 2570 suos
1005 2562 1014 2580 ,
1041 2536 1327 2583 candoremque,
1357 2547 1392 2575 et
1410 2541 1595 2588 ingenium

907 2588 1056 2622 minime
1068 2589 1279 2625 maledicum
1294 2592 1425 2628 indicat
1438 2595 1540 2629 Naso.
1556 2597 1595 2630 Z.

955 2642 985 2684 4.
1010 2643 1127 2676 Lilcra
1149 2648 1418 2689 sanguinolenta.
1438 2647 1595 2685 Carmen

911 2694 1134 2730 maledicum.

958 2751 986 2783 5.
1012 2750 1091 2784 Nisi
1106 2763 1157 2784 me
1172 2753 1284 2786 laesere
1299 2755 1415 2788 libelli.
1441 2757 1524 2790 Nisi
1538 2770 1599 2791 nos

913 2799 1029 2834 Juret.
1046 2808 1080 2835 et
1097 2809 1167 2837 tres
1181 2803 1246 2838 alii.
1269 2804 1317 2838 H.

1395 2885 1409 2911 1
