1794 3100
261 218 348 273 324
701 221 1228 278 DEDICATIONES

256 328 347 358 rem
383 311 561 369 exilem,
597 311 760 360 aridam
778 349 790 370 ‚
828 313 1119 373 conscissam,
1149 315 1360 364 minutam
1394 327 1438 364 et
1459 316 1668 383 abjectam

256 387 596 455 adspernentur3
622 401 910 456 censeantque
923 409 1013 439 non
1027 391 1160 439 modo
1178 410 1268 440 non
1285 391 1496 455 legendos
1517 406 1669 461 poetas

254 489 347 520 esse
363 509 375 528 ,
399 471 473 520 sed
496 489 550 518 ne
568 471 846 534 attingendos
873 472 1049 539 quidem
1069 493 1077 521 :
1103 493 1239 540 quum
1256 474 1493 541 praesertim
1514 476 1571 524 ad
1593 496 1669 526 so-

255 551 357 600 lutae
380 552 590 600 orationis
607 553 811 611 uberius,
831 567 882 602 ut
905 554 1084 614 dicitur,
1108 555 1231 604 filum
1256 556 1576 617 deducendum,
1594 577 1669 608 eos

254 634 405 683 dicant
426 633 536 682 nihil
563 636 745 684 omnino
771 636 904 696 nobis
929 633 1195 697 conducere,
1222 657 1363 706 neque
1381 638 1498 688 aliud
1522 639 1670 709 legen-

254 717 398 775 tibus,
423 737 554 783 quam
577 724 736 766 meram
757 718 1023 786 voluptatem
1046 713 1238 769 adferre.⁴
1264 722 1470 785 Quorum
1496 735 1668 772 senten-

253 800 357 847 tiam
392 799 543 848 salsam
577 819 697 857 esse,
728 794 896 866 semper
928 801 1126 850 arbitrati
1161 821 1336 851 sumus:
1361 803 1533 869 poetica
1552 797 1669 854 enim⁴

253 881 480 948 disciplina
504 902 550 931 ea
569 881 901 948 complectitur,
926 902 1021 949 quae
1043 884 1098 931 ad
1118 883 1280 932 bellum
1299 884 1545 950 pertinent,
1572 905 1667 952 quae

250 965 304 1013 ad
317 964 657 1013 consuetudines
667 965 889 1012 bonorum
905 965 1089 1013 invicem
1103 978 1146 1013 et
1158 965 1385 1024 malorum,
1399 968 1667 1032 privatorum

249 1059 380 1114 atqne
403 1047 622 1114 opificum.
641 1049 826 1096 Necnon
850 1047 902 1095 de
918 1048 1014 1095 Deo
1034 1060 1164 1114 atque
1181 1048 1332 1097 inferis
1349 1047 1666 1112 elegantissime

250 1142 431 1188 tractat,
456 1142 508 1178 ut
529 1130 660 1178 Plato
686 1149 776 1178 non
801 1130 948 1178 minus
972 1130 1078 1178 scite
1113 1150 1242 1196 quam
1266 1150 1367 1180 vere
1393 1132 1663 1181 existimavit.

249 1215 314 1261 Ea
336 1232 418 1263 nos
439 1213 495 1260 ab
528 1213 708 1261 ineunte
729 1224 852 1261 aetate
878 1213 932 1259 ad
956 1211 1128 1261 vivendi
1159 1213 1349 1261 rationes
1373 1212 1550 1262 adducit
1570 1234 1582 1273 ;
1609 1233 1666 1263 ea

247 1313 391 1342 mores
408 1332 420 1353 ,
450 1313 499 1342 ea
520 1294 787 1342 adfectiones
819 1293 949 1341 docet
969 1313 978 1351 ;
1015 1312 1063 1342 ea
1088 1293 1219 1358 etiam
1239 1313 1308 1345 res
1332 1295 1545 1357 gerendas
1566 1312 1663 1345 cum

244 1377 517 1442 jucunditate
546 1377 757 1442 praecipit.
794 1376 922 1424 Unde
953 1395 1043 1424 non
1066 1376 1282 1424 immerito
1305 1367 1663 1440 ingeniosissimae

246 1458 332 1507 illae
352 1459 528 1507 Graeciae
547 1458 741 1507 civitates
759 1457 921 1506 liberos
938 1459 1144 1524 proprios
1161 1458 1204 1505 in
1228 1476 1275 1506 ea
1295 1444 1557 1508 erudiendos
1572 1479 1663 1509 non

247 1540 376 1589 nudae
398 1539 637 1606 voluptatis
654 1577 666 1597 ,
705 1539 781 1587 sed
803 1551 930 1588 castae
959 1540 1271 1588 moderationis
1293 1542 1450 1602 gratia,
1485 1542 1664 1608 optimis

247 1622 590 1690 praeceptoribus
612 1620 898 1670 tradiderunt.
934 1622 1142 1674 Summos·
1167 1640 1344 1688 quoque
1376 1635 1572 1673 oratores
1593 1642 1664 1672 ve·

249 1718 391 1754 terum
415 1716 640 1771 poemata,
665 1702 732 1751 vel
763 1703 819 1751 ad
847 1703 977 1751 fidem
1001 1721 1249 1762 causarum,
1274 1704 1342 1752 vel
1358 1705 1414 1753 ad
1434 1723 1663 1755 ornamen-

250 1801 344 1836 tum
368 1787 644 1853 eloquentiae,
664 1784 960 1851 adsumpsisse
975 1784 1180 1848 legimus3
1206 1805 1306 1834 nam
1328 1786 1544 1852 praecipue
1562 1786 1662 1853 qui—

249 1871 346 1919 dem
382 1889 518 1936 quum
551 1869 669 1935 apud
694 1867 828 1925 alios,
864 1880 957 1915 tum
988 1868 1115 1934 apud·
1138 1868 1393 1916 Ciceronem
1430 1867 1628 1917 videmus
1649 1908 1658 1925 ,

250 1952 397 2010 Accii,
424 1951 626 2015 Pacuvii,
659 1949 841 2006 Lucilii,
861 1949 1080 2007 Terentii,
1105 1948 1298 2007 Caecilii,
1321 1961 1365 1998 et
1384 1949 1570 1999 aliorum
1593 1951 1660 1999 in-

248 2035 333 2082 seri
354 2053 504 2082 versus
519 2052 685 2081 summa
702 2032 836 2095 gratia
851 2042 894 2079 et
904 2030 1190 2097 jucunditate.
1216 2032 1342 2079 Adde
1360 2032 1481 2098 quod
1496 2033 1658 2081 oratori

247 2136 270 2164 a
288 2116 431 2182 poetis
449 2116 495 2162 in
514 2115 647 2162 rebus
664 2114 845 2179 spiritus
864 2150 875 2169 ,
899 2113 945 2160 in
962 2113 1108 2160 verbis
1127 2112 1373 2161 sublimitas
1385 2151 1397 2171 ,
1413 2113 1459 2160 in
1475 2113 1657 2162 adfecti-

245 2198 331 2246 bus
352 2208 500 2244 motus
518 2195 681 2252 omnis,
704 2206 746 2242 et
766 2195 811 2241 in
829 2195 1027 2260 personis
1042 2195 1170 2242 decor
1186 2195 1363 2260 petitur.
1388 2195 1493 2243 Ideo
1509 2196 1654 2244 Theo-

246 2278 472 2344 phrastus,
490 2276 566 2343 qui
585 2276 813 2323 divinitate
829 2275 1042 2346 loquendi
1060 2294 1222 2326 nomen
1242 2277 1429 2335 invenit,
1454 2296 1544 2325 non
1561 2276 1654 2325 sine

246 2379 375 2408 causa
410 2358 640 2407 lectionem
672 2369 900 2424 poetarum
934 2357 1173 2425 plurimum
1207 2357 1317 2405 dixit
1348 2358 1512 2406 oratori
1549 2378 1654 2406 con-

245 2442 356 2490 ferre
373 2462 382 2498 ;
405 2453 449 2491 et
462 2443 640 2490 Marcus
655 2441 830 2497 Cicero,
845 2438 1057 2488 facundiae
1074 2440 1382 2505 literarumque
1405 2459 1561 2506 parens
1575 2478 1587 2497 ,
1606 2441 1651 2487 in

245 2543 393 2572 eorum
415 2523 600 2571 lectione
621 2523 890 2588 requiescere
911 2521 1037 2571 illum
1063 2522 1218 2570 debere
1241 2522 1510 2570 existimavit.
1530 2522 1651 2585 Quid

242 2606 442 2653 Ennius?
463 2624 611 2654 nonne
632 2615 788 2653 sanctos
809 2603 1058 2670 adpellabat
1067 2613 1210 2668 poetas
1221 2606 1248 2649 ,Ρ
1262 2604 1383 2669 quod
1399 2604 1516 2670 quasi
1528 2603 1649 2656 Deo—

244 2707 328 2734 rum
341 2687 478 2752 aliqlto
492 2687 597 2735 dono
613 2698 730 2752 atque
748 2704 907 2734 munere
922 2685 1187 2750 commendati
1196 2685 1307 2733 nobis
1317 2704 1405 2747 esse·
1415 2673 1644 2752 videamur.
