1794 3100
706 247 872 292 IBIS.
1445 247 1501 301 43

67 345 239 412 Perque
261 342 377 392 feros
399 353 573 391 montes
596 353 723 393 tauro
746 341 943 408 rapiente
968 340 1155 389 traharis
1168 377 1180 398 ,

130 422 200 470 Ut
223 432 358 470 tracta
379 432 446 473 est
464 420 624 485 conjux
648 420 887 486 imperiosa
909 419 1030 486 Lyci.

70 499 295 566 Quodque
316 517 405 547 suae
425 517 554 565 passa
578 509 646 546 est
666 497 814 564 pellex
836 496 974 545 invita
998 495 1165 554 sorori,

134 576 322 626 Excidat
342 587 443 624 ante
467 575 602 642 pedes
623 574 776 638 lingua
797 586 962 624 resecta
984 587 1101 623 tuos.
1443 586 1510 631 540

73 654 293 706 Conditor
313 666 367 706 ut
390 653 524 703 tardae
539 691 551 711 ‚
575 652 744 705 Blaesus
766 653 1053 716 cognomine,
1078 651 1301 719 Myrrhae,

140 732 280 783 Orbis
301 733 348 780 in
370 731 613 787 innumeris
636 732 855 780 inveniare
881 731 1006 780 locis.

72 813 214 879 Inque
238 810 327 860 tuis
349 809 523 878 opifex,
547 810 636 858 vati
659 810 782 877 quod
801 810 905 858 fecit
923 810 1086 858 Achaeo
1104 846 1116 867 ,

138 889 282 938 Noxia
306 888 550 942 luminibus
573 888 742 955 spicula
767 887 929 937 condat
952 887 1062 954 apis.

76 967 213 1017 Fixus
238 979 283 1016 et
305 968 353 1016 in
376 967 499 1021 duris
523 966 717 1033 carparis
735 966 900 1015 viscera
922 965 1037 1015 saxis
1053 1003 1065 1023 ‚
1448 975 1514 1020 545

141 1048 206 1096 Ut
226 1047 298 1096 cui
320 1047 492 1113 Pyrrha
510 1046 580 1095 sui
600 1045 689 1094 filia
707 1046 856 1095 fratris
879 1057 983 1094 erat.

79 1127 145 1174 Ut
165 1142 278 1192 puer
299 1124 575 1192 Harpagides
595 1124 758 1174 referas
781 1123 979 1190 exempla
999 1123 1202 1190 Thyestae
1218 1161 1229 1180 ‚

31 1216 33 1218 ·
143 1204 289 1268 Inque
313 1201 378 1250 tui
400 1220 539 1253 caesus
559 1201 724 1250 viscera
746 1202 884 1267 patris
907 1219 993 1249 eas.

79 1279 259 1330 Tnmca
275 1296 400 1341 geras
423 1296 537 1329 saevo
558 1266 775 1327 mutilatis
798 1279 1003 1344 partibus
1025 1296 1127 1326 ense
1144 1315 1156 1335 ‚

145 1354 307 1420 Qualia
325 1354 580 1404 Mimnermi
601 1356 800 1404 membra
820 1356 956 1404 fuisse
979 1355 1141 1404 ferunt.

82 1437 198 1484 Utve
219 1434 454 1502 Syracosio
476 1433 722 1500 praestricta
742 1433 866 1481 fauce
887 1445 1055 1499 poetae,

146 1512 221 1561 Sic
242 1511 396 1562 animae
417 1511 577 1578 laqueo
602 1512 661 1560 sit
681 1511 750 1560 via
773 1511 918 1561 clausa
944 1523 1042 1560 tuae.

121 1622 434 1670 fflq-Perqtoefims.
443 1621 562 1670 Dyrce
574 1621 768 1668 Lyci‚The-

82 1676 210 1711 barum
223 1675 314 1722 regis
323 1687 411 1713 uxor
421 1701 430 1719 ,
444 1687 556 1720 quum
567 1673 748 1720 Antiopen
756 1701 766 1718 ,

85 1740 193 1777 quam
205 1727 320 1776 Lycus
333 1728 379 1765 ob
391 1726 626 1773 suspicionem
643 1740 768 1765 concu-

84 1781 177 1816 bitus
190 1779 436 1826 repuffiaverat
446 1806 456 1823 ,
472 1779 511 1815 in
521 1793 698 1820 carcerem
711 1780 768 1816 de-

85 1830 301 1871 trudendam
310 1832 471 1868 suasisset
480 1858 490 1876 ,
505 1839 649 1870 mortuo
658 1832 766 1880 Lyco,

87 1883 195 1919 Zetus
205 1891 241 1920 et
250 1883 434 1930 Amphion
450 1884 525 1922 nati
540 1897 582 1920 ex
593 1883 748 1929 Antiope
758 1910 768 1928 ,

89 1947 168 1972 ean
199 1937 395 1975 revinctam
430 1943 616 1973 taurorum
649 1936 771 1984 sylve-

88 1986 214 2028 strium
237 1988 356 2029 caudis
379 1990 416 2027 in
437 1989 612 2027 ultionem
630 1995 771 2027 mater-—

90 2052 174 2076 nam
190 2039 405 2082 dilaniarunt
418 2067 428 2086 ,
455 2041 499 2077 ad
521 2055 605 2079 eum
629 2041 747 2079 locum
760 2068 770 2085 ,

91 2092 152 2138 qui
165 2092 274 2129 fontis
284 2092 422 2141 Dyrcaei
431 2121 440 2138 ‚
454 2107 473 2132 a
482 2093 601 2142 Dyrce
610 2121 620 2139 ‚
636 2107 772 2130 nomen

91 2145 246 2192 accepit-3
262 2145 342 2182 vide
356 2147 488 2195 Hygin-
503 2147 572 2183 fab.
588 2162 604 2194 7
622 2155 659 2182 et
677 2149 708 2185 R
726 2147 772 2182 D.

114 2198 175 2242 541
182 2224 190 2231 .
200 2199 363 2243 Cognita?
367 2205 407 2233 ut
411 2201 526 2236 tarde.
535 2198 774 2248 Cinyras‚Cy-

91 2248 252 2295 priorum
263 2264 343 2296 rex,
358 2263 443 2289 cum
455 2252 606 2299 Myrrha
622 2253 694 2289 filia
710 2253 775 2289 de-

91 2310 211 2349 ceptus
221 2316 300 2341 rem
311 2303 432 2341 habuit
440 2331 452 2349 ,
465 2317 535 2350 quo
547 2304 685 2344 detecto
694 2305 774 2341 faci-

92 2367 180 2392 nore
189 2381 206 2399 ‚.
216 2369 298 2395 eam
307 2355 427 2392 stricto
437 2369 520 2392 ense
532 2370 596 2403 per
607 2358 774 2394 Arabiam

93 2415 144 2444 est
155 2409 364 2454 insectatus,
383 2410 441 2446 ubi
455 2411 580 2445 urbem
591 2423 610 2445 a
621 2410 701 2446 filiae
715 2423 776 2446 m>

90 2463 188 2499 mine
205 2463 414 2525 adpellatam
435 2464 594 2500 condidit
608 2491 618 2509 ,
644 2477 722 2510 quae
738 2464 775 2499 in

90 2515 146 2552 sui
166 2515 321 2554 nominis
343 2518 507 2552 arborem
534 2524 586 2552 est
611 2517 775 2552 Deorum

92 2567 316 2605 miseratione
330 2576 477 2608 mutata.
503 2571 597 2605 ZAn.

137 2620 212 2664 543.
221 2621 326 2666 Inque
335 2625 404 2656 tuis
419 2620 543 2666 opifex.
560 2621 679 2658 Achaei
698 2621 777 2667 plu·
794 2650 796 2652 .

94 2684 151 2707 res
166 2671 314 2720 fuerunt
331 2686 339 2708 :
354 2686 506 2720 quorum
523 2673 580 2708 hic
596 2687 689 2709 unus
701 2700 710 2717 ,
732 2673 775 2708 de

95 2738 166 2772 quo
181 2739 279 2762 nunc
290 2727 423 2773 agitur,
446 2727 483 2762 in
500 2728 599 2774 cujus
614 2741 676 2773 per
692 2727 779 2761 hor-

98 2786 173 2814 tum
186 2781 395 2818 ambulantis
405 2783 514 2828 capite
528 2795 655 2829 agmen
671 2795 777 2828 apum

834 1622 976 1666 insedit,
991 1620 1087 1667 quod
1098 1632 1208 1666 quum
1219 1619 1390 1665 expellere
1402 1618 1518 1662 vellet,

832 1687 960 1711 ,eorum
973 1673 1099 1709 aculeis
1113 1673 1184 1707 acie
1197 1672 1381 1706 oculorum
1393 1670 1522 1706 dicitur

832 1727 998 1773 privatus,
1010 1733 1050 1760 ut
1061 1725 1167 1760 tradit
1176 1731 1277 1759 vetus
1286 1724 1471 1769 interpres.
1480 1725 1520 1758 Z.

877 1782 952 1825 545.
981 1782 1091 1814 Fixus
1116 1784 1151 1813 et
1171 1782 1208 1813 in
1234 1780 1340 1812 duris.
1364 1778 1524 1813 Prome—

834 1833 936 1868 theus
948 1860 958 1878 ‚
982 1833 1042 1879 qui
1058 1833 1209 1867 fratrem
1226 1831 1351 1866 habuit
1372 1830 1521 1876 Epime-

835 1885 961 1920 theum
974 1911 984 1928 ,
1005 1898 1047 1920 ex
1068 1897 1139 1930 quo
1156 1883 1295 1931 Pyrrha
1309 1889 1402 1918 nata.

881 1939 955 1984 547-
986 1939 1206 1982 Harpage'doe.

836 1991 981 2037 scriptis.
1001 1991 1136 2026 Hmns.

884 2047 960 2093 549.
983 2046 1126 2080 Trunca.
1146 2044 1363 2086 Mamertes‚
1382 2049 1422 2077 ut
1438 2041 1526 2077 scri-

839 2104 985 2144 pserunt
1010 2096 1151 2143 quidam
1166 2123 1176 2140 ,
1202 2096 1397 2143 Mycernus
1411 2094 1525 2142 Sysa-

839 2150 965 2197 phonis
975 2148 1152 2185 Corinthii
1159 2149 1281 2190 frater,
1291 2159 1402 2194 quum
1408 2146 1526 2182 fratris

839 2202 953 2236 filium
965 2202 1104 2248 imperii
1118 2201 1306 2247 cupiditate
1317 2206 1492 2242 necasset,
1506 2211 1525 2233 a

840 2255 1047 2303 Sysaphone
1070 2253 1298 2290 membratim
1314 2259 1367 2288 est
1387 2252 1525 2288 lacera-

841 2315 907 2343 tus.
923 2308 1029 2344 Dum.

887 2364 961 2397 550.
992 2362 1156 2408 Alycerm‘.
1183 2360 1379 2394 M'mnermi
1391 2365 1526 2393 veteres

844 2413 1015 2459 plerique.
1032 2413 1168 2448 Hssms.

887 2469 963 2503 551.
987 2468 1072 2502 Utve
1091 2467 1273 2513 Syracusio
1293 2471 1359 2501 etc.
1373 2463 1528 2511 Syracu-

842 2518 912 2555 sius
934 2526 1038 2565 poeta
1063 2518 1295 2564 Empedocles
1315 2525 1391 2562 est,
1413 2516 1528 2563 philo-

841 2571 971 2617 sophus
981 2579 1017 2607 et
1030 2578 1151 2617 poeta;
1165 2570 1245 2605 vide
1257 2571 1384 2606 Horat.
1394 2569 1438 2603 de
1447 2569 1525 2603 Art.

843 2631 935 2670 poet.
946 2638 965 2655 α
973 2624 1071 2659 Deus
1079 2623 1287 2659 immortalis
1296 2622 1420 2658 baberi
1428 2621 1526 2655 Dum

843 2678 939 2723 cupit
954 2676 1184 2724 Empedocles
1196 2703 1206 2721 ‚
1228 2683 1293 2711 etc.
1307 2691 1325 2706 υ
1338 2676 1386 2710 V.
1402 2674 1527 2709 ANDR.

843 2749 887 2756 —
896 2731 1086 2777 Syracusio.
1099 2730 1278 2776 Syracosio
1290 2727 1360 2764 dixi
1376 2727 1465 2763 libro
1477 2727 1529 2770 V,

843 2795 932 2818 vers.
949 2796 1010 2827 277
1023 2782 1218 2818 Fastorum.
1237 2782 1373 2817 limus.

1241 1938 1455 1981 Harpagides
1483 1948 1525 1970 ex
