1794 3100
262 247 341 288 108
694 248 746 290 P.
784 246 1020 293 OVIDII
1053 249 1226 293 VITA

250 349 372 395 rent,
397 337 658 401 eligerentur
679 360 703 388 a
726 342 1074 402 magistratibus,
1097 361 1119 390 e
1145 342 1305 408 quibus
1329 342 1495 390 tribuni
1515 341 1658 408 plebis

253 425 558 480 senatoresque
573 415 745 473 fierent,
774 417 849 482 qui
868 428 990 479 gesto
1006 417 1231 465 tribunatu
1250 429 1324 465 aut
1339 417 1574 466 retinerent
1590 436 1658 466 se-

251 491 471 538 natorium
489 492 686 540 ordinem
700 493 737 541 si
749 493 907 542 vellent
922 531 934 550 ‚
960 505 1036 541 aut
1052 494 1207 542 iterum
1230 493 1422 542 redirent
1436 494 1488 543 ad
1502 513 1658 561 eque&

251 577 359 614 trem
386 573 414 614 ¹.
448 569 545 615 Jam
567 580 710 617 autem
733 581 883 618 noster
904 589 955 618 ex
978 570 1201 635 equitibus
1222 570 1464 626 illustribus,
1497 570 1535 619 si
1557 571 1656 636 quis

249 661 464 708 unquam,
489 642 692 710 pluribus
714 658 812 694 ante
824 646 1072 713 praedictam
1090 645 1280 709 Augusti
1301 645 1438 708 legem
1461 645 1585 710 annis
1601 646 1659 694 la-

249 719 445 767 ticlaviam
469 721 680 771 induerat.
707 723 806 771 Alia
826 723 1008 789 proinde
1030 724 1142 771 ratio
1168 722 1410 790 quaerenda.

317 796 603 846 Casaubonus
628 805 643 823 ²
665 811 808 848 autem
827 800 967 849 fassus
986 800 1072 848 sibi
1089 799 1405 866 incompertum
1429 817 1545 857 esse,
1569 817 1657 864 quo

253 883 447 939 tempore
481 877 660 942 coeperit
695 897 792 926 mos
826 877 898 925 ille
932 877 1067 926 latum
1098 877 1265 946 clavum
1296 896 1395 925 cum
1418 875 1533 924 virili
1557 886 1659 938 toga

253 952 453 999 sumendi
467 991 478 1010 ‚
504 954 702 1002 adfirmat
721 967 864 1003 tamen
882 954 992 1002 illud
1008 965 1173 1002 certum
1186 972 1303 1011 esse,
1320 953 1382 1001 ita
1394 970 1551 1018 nempe
1564 951 1658 1000 fieri

251 1027 428 1077 solitum
462 1031 509 1077 in
545 1030 891 1097 splendidiorum
923 1031 1118 1097 equitum
1147 1029 1299 1080 liberis
1318 1068 1329 1089 ‚
1365 1042 1495 1097 atque
1523 1029 1571 1077 id
1591 1048 1660 1078 ar-

253 1124 383 1167 guere
409 1106 530 1172 quod
556 1107 743 1156 Ovidius
776 1108 827 1156 de
863 1127 907 1156 se
940 1121 1085 1157 narrat
1106 1109 1212 1167 hoc,
1239 1126 1367 1174 quem
1397 1118 1655 1163 tractamus,

250 1181 359 1230 loco.
383 1205 404 1225 «
426 1184 559 1247 Quod
572 1221 583 1241 ‚
605 1184 688 1242 ait,
713 1185 873 1234 factum
893 1205 983 1235 esse
1002 1197 1165 1234 certum
1185 1197 1250 1234 est
1269 1184 1397 1232 tertio
1416 1182 1484 1232 vel·
1501 1194 1656 1249 quarto

254 1281 277 1302 »
301 1279 415 1309 anno
451 1262 619 1310 circiter
651 1275 756 1329 post
785 1263 975 1326 Augusti
999 1263 1045 1310 in
1075 1263 1230 1311 urbem
1259 1261 1451 1312 reditu-m
1481 1280 1506 1308 a
1540 1259 1654 1308 victo

252 1359 275 1380 n
302 1339 501 1387 Antonio
517 1377 529 1397 ‚
558 1362 580 1382 »
605 1340 649 1388 id
673 1353 763 1399 est,
786 1361 901 1390 anno
925 1343 980 1389 U.
1006 1342 1056 1390 C.
1080 1353 1327 1398 DCCXXVII,
1348 1339 1416 1388 vel
1435 1349 1654 1405 sequente.

249 1416 365 1464 Dein
386 1416 507 1465 addit
527 1437 537 1465 ε
568 1441 590 1460 «
613 1418 711 1466 Sive
727 1438 779 1466 ex
795 1419 987 1481 Augusti
1010 1418 1344 1475 constitutione,
1371 1416 1458 1465 sive
1476 1410 1527 1464 ex
1545 1413 1656 1463 alius

253 1514 276 1535 »
303 1493 578 1559 imperatoris
609 1496 915 1554 innovatione,
948 1514 1039 1543 non
1063 1495 1123 1542 ita
1146 1494 1232 1543 fuit
1261 1494 1345 1541 hoc
1374 1493 1445 1558 jus
1468 1493 1658 1560 promis-

255 1592 277 1612 »
305 1590 455 1630 cuum,
471 1583 523 1620 ut
539 1572 629 1621 sine
644 1573 895 1635 cognitione
911 1573 1123 1639 principis
1140 1573 1341 1638 usurpari
1358 1583 1535 1639 posset:
1551 1571 1657 1638 quin

251 1672 276 1692 >›
303 1661 449 1716 patres
476 1651 523 1699 id
547 1652 601 1699 ab
626 1670 676 1699 eo
698 1651 847 1701 liberis
870 1652 987 1709 suis,
1019 1663 1130 1718 quos
1164 1651 1441 1714 destinabant
1467 1649 1656 1716 reipubl.

254 1749 276 1770 n
305 1727 670 1777 administrationi
693 1766 703 1787 ‚
737 1729 959 1795 petebant.
989 1751 1010 1770 >›
1038 1728 1111 1776 Ad
1134 1728 1326 1776 eamdem
1348 1727 1560 1794 principis
1587 1727 1658 1774 in-

251 1804 518 1868 dulgentiam
547 1805 621 1854 alii
651 1826 826 1873 quoque
859 1805 977 1853 docti
1013 1804 1094 1852 viri
1120 1803 1135 1829 ³
1160 1805 1263 1853 huic
1295 1804 1416 1853 nodo
1449 1804 1656 1854 solvendo

250 1894 479 1930 recurrunt
492 1919 504 1939 ‚
530 1900 768 1948 omnesque
785 1882 973 1930 Statium
982 1899 1071 1947 prae
1088 1879 1465 1946 primis²advocant
1483 1891 1659 1937 testem,

251 1959 327 2024 qui
349 1957 426 2005 lib.
451 1960 528 2016 IV,
553 1958 668 2024 Sylv.
689 1970 800 2017 VIII,
827 1958 912 2014 ait,
937 1975 1046 2006 vers.
1075 1955 1222 2022 59-62
1243 1977 1253 2004 ε

438 2098 442 2102 »
489 2061 631 2106 Quippe
646 2067 681 2095 et
697 2073 778 2106 opes
793 2067 828 2095 et
843 2061 940 2105 origo
955 2060 1097 2103 sinunt,
1114 2060 1178 2095 hac
1193 2061 1207 2084 ⁶
1223 2059 1382 2105 lampade
1398 2060 1515 2105 prima.

488 2121 650 2156 Patritias
663 2121 794 2156 intrare
810 2120 918 2163 sores,
936 2121 1002 2156 hoc
1017 2121 1107 2166 pube
1123 2120 1186 2155 sub
1203 2121 1292 2166 ipsa,

487 2180 525 2215 si
542 2180 648 2214 modo
663 2193 773 2226 prona
788 2181 886 2216 bonis
901 2180 1020 2215 invicti
1037 2179 1183 2215 Caesaris
1199 2179 1312 2214 adsint

488 2241 643 2277 Numina
655 2267 665 2285 ,
684 2242 848 2276 Romulei
861 2241 969 2275 limen
986 2241 1121 2287 pulsare
1137 2247 1283 2276 senatus.
1300 2248 1303 2251 '

293 2344 305 2362 ¹
324 2340 406 2375 Vid.
423 2340 528 2375 Dion.
544 2340 601 2376 lib.
616 2341 713 2383 LIV,
732 2354 806 2386 pag.
825 2342 888 2385 542
905 2348 940 2377 et
958 2342 1032 2384 543.

293 2398 307 2418 ²
329 2397 411 2432 Not.
427 2396 464 2431 in
482 2397 580 2433 Suet.
597 2397 687 2443 Aug.
706 2409 778 2442 cap.
795 2397 845 2432 38.

292 2452 306 2472 ³
327 2453 461 2489 Theod.
479 2454 613 2489 Marcil.
628 2461 700 2489 not.
716 2453 753 2488 in
772 2453 918 2490 sueton.
937 2455 1079 2499 Vespas.
1097 2467 1168 2499 cap.
1187 2468 1229 2496 2;
1248 2452 1380 2488 Albert.
1400 2452 1539 2488 Ruben.
1549 2452 1592 2487 de
1607 2452 1660 2487 Re

250 2509 385 2544 vestiar.
402 2511 458 2546 lib.
475 2512 492 2546 I
505 2538 514 2554 ‚
531 2524 601 2557 cap.
623 2512 680 2555 ¹4?
701 2509 823 2546 Octav.
842 2511 978 2545 Ferrar.
996 2511 1150 2546 Analect.
1165 2523 1236 2556 cap.
1252 2523 1304 2544 20.

295 2565 310 2588 ⁴
332 2565 392 2600 Sic
415 2566 536 2601 serunt
558 2567 648 2612 vulg.
664 2566 740 2602 cod.
757 2573 792 2601 at
812 2565 1037 2601 Casaubonus
1059 2567 1121 2600 hos
1142 2564 1243 2610 legit,
1262 2563 1311 2599 uti
1329 2571 1365 2599 e‘t
1381 2577 1483 2599 versu
1502 2577 1572 2609 seq.
1600 2577 1664 2609 pro

251 2623 325 2655 hoc.
343 2619 525 2656 Gevartius
541 2635 626 2656 vero
643 2624 731 2656 hanc
746 2629 781 2657 et
793 2624 854 2657 hos
871 2621 1038 2662 restituit;
1052 2620 1144 2666 quod
1160 2633 1307 2666 magnus
1323 2620 1360 2655 iu
1377 2633 1414 2655 re
1431 2619 1546 2656 critica
1559 2619 1665 2667 judex

254 2675 307 2710 Cl.
325 2674 428 2710 Joan.
443 2675 538 2710 Frid.
555 2676 753 2711 Gronovius
767 2703 776 2720 ,
790 2676 947 2711 Diatribe
966 2676 1003 2711 in
1021 2676 1106 2711 Stat.
1122 2688 1157 2720 p.
1172 2676 1235 2710 288
1248 2701 1257 2719 ,
1275 2675 1451 2720 probavit,
1469 2675 1521 2709 uti
1534 2681 1570 2709 et
1581 2674 1662 2709 Alh.

255 2731 392 2767 Ruben.
413 2731 468 2766 lib.
487 2733 503 2766 I
517 2757 526 2774 ‚
545 2745 616 2777 cap.
639 2734 677 2775 14
695 2745 702 2766 :
720 2732 903 2767 Gevartius
920 2732 986 2767 scil.
1005 2731 1160 2774 censuit,
1176 2730 1325 2766 Statium
1337 2730 1401 2766 hac
1412 2731 1514 2778 Sylva
1524 2731 1662 2766 Mene-—
