1794 3100
227 251 308 305 154
532 244 535 247 ”
671 252 722 294 Ρ.
762 251 998 296 OVIDII
1034 253 1207 297 VITA

439 342 501 378 Est
516 341 601 377 mihi
621 343 777 389 (sitque’,
795 356 938 389 precor,
957 344 1084 380 nostris
1100 344 1301 379 diuturnior
1318 346 1441 390 annis)

479 403 602 437 FmA.
618 427 625 435 .
638 428 646 435 .

439 463 544 498 Hane
558 476 622 508 ego
639 475 750 508 quum
766 462 890 498 vellem
903 477 1023 508 genero
1039 463 1121 499 dare
1136 479 1144 506 ς
1163 471 1322 511 tempora
1339 465 1434 501 taedis

476 522 569 568 Apta
584 522 809 567 requirebam
821 549 830 566 ,
850 536 995 569 quaeque
1012 524 1164 561 cavenda
1180 525 1307 560 forent.

434 583 528 617 Tum
546 583 632 618 mihi
649 590 725 628 post
740 596 850 619 sacras
864 591 1079 619 monstratur
1094 587 1217 620 sanius
1234 588 1309 621 idus

477 643 583 679 Utilis
598 652 634 679 et
648 645 783 690 nuptis,
801 645 892 680 utilis
911 658 982 680 esse
1006 646 1096 680 viris.

436 704 624 750 Primaque
641 718 719 749 pars
738 705 841 750 hujus
859 706 1017 741 thalamis
1034 706 1143 741 aliena
1160 715 1299 752 reperta
1314 715 1386 751 est;

477 765 570 800 Nam
587 764 673 799 mihi
688 766 736 801 sic
753 767 878 810 conjux
892 773 1009 802 sancta
1021 766 1130 802 Dialis
1146 768 1215 812 ait,
1233 762 1298 804 etc.

217 861 312 908 quae
334 843 370 890 si
393 842 603 891 historica
627 843 711 891 fide
741 844 906 892 fuerint
937 845 1075 902 dicta,
1099 845 1204 893 hinc
1229 847 1507 910 manifestum
1527 850 1635 908 erit,

214 920 405 967 Nasonis
429 918 563 967 filiam
588 920 707 968 haud
729 933 828 969 ante
853 922 971 970 hunc
993 941 1156 970 annum
1174 942 1323 988 genero
1346 924 1488 974 datam
1517 945 1636 984 esse;

217 1015 313 1062 quae
338 1009 481 1045 tamen
497 997 634 1062 prima
645 999 813 1064 juventa
835 999 906 1047 bis
930 1000 1141 1051 Ovidium
1158 1037 1170 1057 ,

432 1095 501 1130 Sed
519 1108 591 1130 non
611 1109 651 1130 ex
669 1109 741 1131 uno
756 1097 904 1143 conjuge
920 1097 1005 1133 fecit
1022 1111 1125 1133 avum
1145 1125 1154 1138 ,

216 1191 352 1245 prout
373 1181 535 1230 Noster
555 1181 693 1230 habet
714 1182 849 1231 Trist.
870 1182 949 1231 lib.
971 1185 1050 1243 IV,
1068 1183 1191 1247 Eleg.
1214 1198 1263 1243 x,
1287 1203 1396 1233 vers.
1420 1184 1479 1251 75
1499 1197 1543 1234 et
1561 1185 1635 1252 76.

753 1299 849 1313 mm

432 1408 541 1443 Anno
560 1416 640 1444 ante
659 1408 701 1444 C.
718 1421 769 1450 113
788 1410 836 1444 U.
852 1409 1053 1452 C.ncc1.11;
1073 1410 1193 1446 Ovidii
1212 1422 1272 1446 κη
1288 1419 1323 1447 et
1341 1423 1430 1447 nn.

237 1499 279 1535 C.
299 1500 511 1537 CAESARE
530 1502 774 1538 AUGUSTO
790 1503 900 1547 XIII,
927 1503 980 1540 M.
998 1504 1222 1540 PLAUTIO
1239 1505 1460 1542 SILVANO
1479 1505 1615 1543 Coss.

280 1597 314 1643 l.
346 1597 518 1645 ARTEM
552 1598 853 1646 AMATomAM
888 1618 913 1646 a
940 1600 1115 1648 Nasone
1147 1600 1232 1648 hoc
1270 1620 1384 1649 anno
1417 1600 1637 1665 vulgatam

215 1689 307 1719 esse
322 1710 333 1729 ‚
358 1671 516 1720 invicte
542 1673 734 1738 primum
757 1673 988 1722 conficitur
1010 1693 1062 1723 ex
1085 1676 1376 1734 Naumachia,
1404 1696 1534 1743 quam
1556 1696 1635 1727 ceu

214 1761 354 1797 MODO
377 1749 638 1799 celebratam
662 1764 875 1800 memorat
893 1751 971 1800 lib.
997 1754 1017 1800 I
1040 1772 1064 1800 a
1083 1772 1192 1801 vers.
1226 1772 1307 1819 171
1331 1775 1340 1802 :
1637 1757 1640 1759 ’

430 1856 530 1901 Quid
547 1867 651 1892 MODO
663 1884 671 1900 ‚
690 1870 799 1902 quum
818 1860 897 1892 belli
913 1861 1045 1892 naval1's
1063 1858 1213 1903 imagine
1234 1859 1352 1892 Coesar

473 1917 632 1952 Persidas
646 1918 781 1952 induxit
795 1945 804 1962 ‚
823 1918 1078 1964 Cecropiasque
1097 1922 1107 1940 ¹
1123 1919 1242 1954 rates?

431 1978 568 2024 Nempe
587 1978 629 2013 ab
647 1986 795 2025 utroque
814 1979 902 2014 mari
918 1980 1080 2025 juvenes,
1100 1980 1142 2014 ab
1160 1987 1308 2025 utroque
1326 1979 1448 2025 puellae

450 2047 452 2050 '
473 2039 615 2074 Venere
630 2053 639 2082 ;
655 2046 757 2085 atque
776 2040 899 2086 ingens
915 2041 1006 2075 orbis
1022 2040 1059 2075 in
1075 2041 1160 2075 urbe
1178 2041 1247 2075 fuit
1259 2067 1268 2085 ,
1288 2048 1352 2076 etc.

212 2135 312 2181 Jam
335 2153 437 2181 vero
457 2153 508 2182 ex
525 2134 695 2184 Velleio
721 2143 737 2160 ²
755 2136 958 2184 novimus
974 2174 985 2193 ,
1008 2136 1143 2184 hocce
1165 2137 1445 2186 Naumachia!
1464 2149 1635 2204 specta-

215 2207 362 2256 culum
397 2210 482 2257 hoc
516 2230 630 2259 anno
662 2212 717 2260 ab
756 2213 960 2274 Augusto
984 2212 1120 2260 fuisse
1144 2212 1314 2270 datum3
1343 2212 1558 2279 siquidem
1583 2213 1636 2262 de

213 2286 348 2334 Julz'oe
378 2287 645 2351 relegatione
677 2307 810 2351 agens
843 2310 852 2336 :
891 2312 913 2331 «
942 2290 1028 2347 At,
1053 2290 1224 2355 inquit,
1244 2290 1292 2337 in
1317 2290 1428 2338 urbe
1451 2308 1502 2337 eo
1534 2289 1634 2356 ipso

215 2385 238 2405 »
268 2382 407 2422 anno,
433 2383 521 2430 quo
550 2365 968 2427 magnificentissimi
993 2365 1240 2429 gladiatorii
1269 2366 1488 2424 muneris,
1515 2368 1635 2415 Nau-

217 2461 239 2482 »
268 2440 534 2507 machiaeque
559 2442 821 2508 spectaculis
843 2443 984 2491 Divus
1015 2444 1247 2506 Augustus
1262 2480 1283 2501 ‚,
1305 2443 1466 2492 abhinc
1493 2463 1634 2493 annos

256 2575 266 2593 ¹
292 2572 399 2607 Unde
416 2572 525 2618 liquet
540 2599 549 2617 ,
569 2581 608 2608 ut
625 2580 660 2608 et
675 2574 747 2609 aliis
762 2575 833 2620 jam
850 2574 1131 2610 animadversum
1155 2581 1207 2609 est
1218 2601 1227 2619 ,
1253 2575 1479 2611 Naumachia:
1499 2582 1635 2621 specta-

213 2625 330 2661 culum
349 2633 433 2661 tunc
451 2628 615 2673 temporis
632 2629 673 2663 ab
692 2629 850 2674 Augusto
869 2629 1079 2673 exhibitum,
1098 2636 1360 2674 repraesentasse
1376 2630 1534 2665 navalem
1550 2631 1635 2665 Per-

210 2697 322 2718 sarum
340 2697 420 2718 cum
437 2687 698 2721 Atheniensibus
711 2699 865 2732 pugnam
881 2687 921 2721 ad
938 2686 1162 2722 Salaminam.

255 2746 270 2765 ²
293 2744 366 2779 Lib.
385 2744 442 2790 II,
465 2759 537 2791 cap.
559 2758 630 2780 100.
