1794 3100
281 231 367 259 222
713 215 764 258 P.
804 214 1048 260 OVIDII
1081 215 1265 259 VITA

276 308 443 372 Quae'si
465 325 564 356 cum
585 306 672 356 illis
697 307 776 355 lib.
802 309 891 364 ΙΙΙ,
919 310 1002 374 Ep.
1027 320 1100 365 IV,
1124 325 1236 356 vers.
1263 304 1436 364 53-60‚
1463 307 1697 358 conferan-

278 405 350 441 tur
364 430 376 450 ‚
396 391 516 440 haud
536 390 755 439 immerito
778 391 1043 441 videbuntur
1067 404 1109 440 et
1128 392 1214 440 hoc
1237 410 1353 440 anno
1378 392 1553 459 scripta.
1596 396 1695 444 Etsi

274 487 376 516 vero
399 466 513 515 liber
534 465 609 514 ille
635 478 881 532 temporum
906 468 1063 532 injuria
1097 467 1298 534 perierit,
1329 467 1516 534 plurima
1552 480 1694 518 tamen

275 544 469 592 Ponticae
487 543 639 591 Nostri
663 542 874 609 Epistolae
903 563 1022 593 nunc
1044 545 1300 611 superstites
1323 545 1534 594 exhibent
1550 584 1562 604 ‚
1598 566 1693 614 quae

273 639 362 668 non
387 638 539 686 parum
564 619 757 683 ejusdem
780 618 992 686 triumphi
1015 639 1221 688 pompam
1237 658 1248 679 ‚
1281 632 1414 687 atque
1435 620 1577 687 ipsam
1601 621 1694 670 his-

274 698 430 746 toriam
455 695 693 745 illustrant.
1248 762 1250 764 -

335 775 415 822 ΙΙΙ.
442 775 593 837 Quum
616 792 718 822 vero
742 785 871 839 poeta
888 811 899 830 ‚
932 772 1011 821 lib.
1037 774 1103 821 III
1119 811 1130 831 ‚
1156 775 1242 840 Ep.
1274 787 1330 832 ΙΙ,
1361 786 1581 831 exararet,
1603 775 1691 840 jam

272 850 545 899 vernaculam
568 851 840 898 Tomitarum
868 850 1044 915 linguam
1068 851 1279 899 didicerat
1296 890 1308 910 ‚
1330 871 1440 901 vers.
1465 854 1527 917 4ο
1550 873 1560 901 :

489 950 581 984 Nam
599 949 702 984 didici
721 949 829 995 getice
846 949 1097 994 Sarmaticeque
1114 949 1218 994 loqui.

269 1031 331 1077 At
351 1029 487 1077 Trist.
509 1027 586 1075 lib.
612 1029 666 1084 V,
691 1026 815 1089 Eleg.
842 1040 893 1084 X,
913 1046 1024 1075 vers.
1054 1026 1237 1074 36—38:

534 1126 603 1160 Per
621 1132 756 1170 gestum
774 1138 830 1159 res
845 1131 897 1159 est
911 1124 1137 1170 significanda
1154 1125 1252 1160 mihi.

486 1186 658 1221 Barbarus
677 1185 732 1220 hic
748 1198 812 1230 ego
830 1198 907 1220 sum
921 1211 931 1228 ‚
949 1186 1029 1230 quia
1044 1198 1117 1221 non
1134 1186 1308 1231 intelligor
1325 1186 1402 1221 ulli:

527 1247 574 1282 Et
591 1246 707 1281 rident
723 1245 838 1281 stolidi
853 1246 957 1280 verba
975 1246 1082 1281 latina
1099 1247 1216 1291 Getae,
1235 1254 1299 1282 etc.

269 1326 420 1390 Elegia
444 1339 584 1374 tamen
610 1338 707 1381 XII,
735 1344 844 1372 vers.
875 1323 1047 1390 57-58‚
1066 1325 1151 1373 ait:
1201 1386 1214 1391 -

482 1425 559 1469 Ipse
577 1423 662 1457 mihi
680 1422 802 1457 videor
816 1424 827 1443 ¹
846 1422 917 1467 jam
935 1421 1135 1457 dedidicisse
1154 1422 1259 1458 latine
1278 1436 1286 1457 :

526 1484 609 1518 Jam
625 1482 728 1518 didici
744 1483 852 1529 getice
868 1483 1119 1528 sarmaticeque
1134 1483 1240 1529 loqui.

265 1567 346 1616 llla
369 1579 512 1617 autem
540 1568 683 1616 Getica
709 1566 984 1614 Tomitarum
1014 1566 1166 1630 lingua
1191 1568 1299 1634 quid
1320 1587 1373 1616 ex
1399 1568 1547 1618 Graeca
1569 1571 1682 1618 mix-

268 1658 361 1693 tum
393 1645 550 1693 habuit
566 1684 577 1703 ‚
601 1645 721 1710 quod
744 1644 890 1691 coloni
915 1663 966 1692 ex
988 1643 1146 1692 Mileto
1172 1644 1312 1693 Graeci
1334 1646 1501 1694 Tomos
1520 1646 1684 1694 ¹condi-

266 1723 418 1771 derant
437 1740 446 1767 :
471 1721 606 1769 Trist.
628 1721 706 1768 lib.
731 1722 817 1778 Ill,
844 1719 969 1784 Eleg.
992 1734 1040 1769 IX
1061 1742 1071 1769 :

478 1821 548 1855 Hic
563 1832 702 1864 quoque
720 1826 803 1854 sunt
819 1819 925 1864 igitur
943 1821 1060 1855 Graia-
1071 1846 1080 1860 ,
1099 1820 1174 1865 quis
1189 1820 1347 1855 crederet
1357 1819 1374 1854 ἐ’
1392 1820 1495 1855 urbes
1506 1847 1515 1864 ‚

521 1882 620 1915 Inter
630 1880 833 1914 inhumanae
848 1881 993 1914 nomina
1010 1881 1188 1915 barbariae.

478 1942 560 1976 Huc
577 1952 714 1986 queque
731 1941 850 1974 stlt'leto
864 1942 879 1960 ²
894 1940 987 1975 missi
1003 1954 1131 1975 venere
1149 1941 1283 1986 coloni,
1301 1948 1366 1976 etc.

266 2025 379 2073 Hinc
404 2037 467 2072 est
490 2024 611 2090 quod
630 2024 763 2072 Trist.
788 2022 866 2070 lib.
894 2026 947 2081 V,
973 2022 1097 2087 Eleg.
1125 2037 1187 2083 ΙΙ,
1213 2025 1330 2073 canit
1348 2045 1412 2074 vs.
1435 2025 1492 2096 67
1520 2037 1564 2074 et
1585 2025 1647 2073 68
1667 2046 1677 2074 :

478 2123 671 2167 Nesciaque
686 2129 737 2157 est
753 2122 843 2157 vocis
861 2123 955 2167 quod
972 2123 1117 2157 barbara
1134 2123 1251 2169 lingua
1267 2124 1401 2166 latinae;

522 2183 689 2228 Graiaque
707 2183 799 2227 quod
821 2185 941 2218 Getico
958 2183 1046 2218 victa
1060 2186 1191 2229 loquela
1207 2197 1295 2220 sono
1310 2199 1319 2227 ς

261 2276 305 2311 et
327 2262 450 2325 Eleg.
474 2275 566 2319 VII,
590 2280 699 2309 vers.
723 2279 838 2327 9-12
866 2282 876 2308 :

480 2360 601 2395 Turba
622 2361 804 2394 Tomitana·
822 2371 898 2404 quae
916 2359 959 2394 sit
975 2359 1127 2405 regionis
1140 2386 1149 2404 ,
1167 2366 1202 2395 et
1218 2360 1312 2394 inter

525 2420 626 2464 Quos
644 2420 798 2454 habitem
815 2432 930 2455 mores
941 2446 951 2465 ,
970 2419 1100 2456 discere
1117 2433 1200 2456 cura
1216 2420 1278 2455 tibi
1294 2420 1372 2455 est?

306 2534 317 2552 ¹
343 2531 436 2565 Vide
453 2531 557 2566 Trist.
573 2532 628 2566 lib.
650 2532 727 2575 111,
748 2531 844 2577 Eleg.
863 2542 938 2575 XIV,
957 2544 1044 2566 vers.
1070 2533 1198 2575 45-50,
1225 2544 1302 2576 quae
1321 2531 1447 2567 eodem
1469 2545 1572 2567 sensu
1593 2540 1674 2568 sunt

261 2586 467 2631 accipienda.

305 2649 320 2667 ²
344 2647 447 2682 Trist.
463 2647 520 2681 lib.
536 2647 582 2690 V,
601 2646 695 2693 Eleg.
714 2659 735 2681 x
747 2673 757 2691 ‚
777 2661 864 2682 vers.
878 2647 919 2682 33
935 2659 944 2682 ε
961 2661 979 2677 «
996 2647 1072 2682 Hos
1087 2660 1242 2693 quoque,
1259 2649 1318 2693 qui
1337 2652 1447 2693 genili
1464 2650 1571 2684 Graia
1588 2658 1672 2683 cre-

264 2704 395 2738 duntur
411 2704 451 2738 ab
465 2706 543 2738 urbe
553 2731 562 2745 ‚
582 2705 653 2738 Pro
669 2705 780 2747 patrio
795 2704 888 2738 cultu
904 2707 1042 2739 Persica
1057 2707 1179 2739 bracca
1194 2706 1287 2750 tegit.
1307 2721 1324 2736 ι»
