1794 3100
601 231 734 274 PER
766 233 810 274 J.
843 231 1150 276 MAssoN.
1531 237 1590 294 95

167 343 191 365 ι»
216 323 404 372 Pansam
425 322 631 370 Bononia
653 334 748 370 tum
770 323 1083 389 procedentem
1106 324 1332 391 profectus
1352 338 1445 383 est;
1468 344 1593 376 eum-

166 421 191 441 »
219 417 305 465 que
325 398 498 448 insidiis
522 412 750 466 exceptum
773 399 1041 459 vulneravit,
1065 401 1227 451 milites
1250 402 1341 467 ejus
1364 403 1587 453 occidit....

163 496 197 519 »v
217 475 368 540 Quam
390 494 482 525 rem
506 495 643 543 quum
666 477 813 526 Caesar
834 477 1098 544 Hirtiusque
1120 478 1463 535 intellexissent,
1484 481 1592 528 Hir-

162 574 188 595 »
215 552 306 602 tius
329 572 382 602 ex
400 553 557 602 itinere
576 565 770 620 utroque
788 573 1026 622 pugnaque
1047 555 1287 619 defatigato
1307 557 1506 604 Antonio
1526 577 1595 606 oc-

162 650 187 674 »
215 630 380 689 currit,
418 632 587 680 Caesare
619 632 674 680 ad
699 644 841 681 castra
865 632 1134 682 defendenda
1157 634 1312 682 relicto
1341 641 1352 660 ¹
1371 671 1383 692 ,
1408 653 1596 701 eumque

162 729 187 751 n
214 707 379 771 insigni
414 707 598 757 victoria
643 710 879 776 superavit.
918 734 941 754 »
985 711 1229 777 Subiungit
1264 712 1461 760 Hirtium
1506 731 1596 761 non

156 783 315 842 modo,
337 784 418 832 sed
442 796 487 834 et
507 785 696 834 Pansam
711 824 724 844 ,
756 788 1059 854 Caesaremque
1092 807 1120 836 a
1152 788 1346 837 militibus
1376 799 1595 857 senatuque

155 861 415 928 hnpemtores
436 863 661 913 nominatos
687 883 785 914 esse.
819 867 920 914 Huc
944 866 1126 934 respicit
1147 868 1266 916 Naso
1296 867 1352 915 ad
1375 880 1477 916 XVII
1503 867 1590 917 kal.

157 938 324 998 Maias,
348 940 457 989 ibid.
483 960 593 990 vers.
620 941 835 1010 673-676
865 964 875 992 :

384 1053 487 1087 Hanc
501 1053 679 1098 quondam
697 1053 874 1102 Cytherea
891 1058 978 1090 diem
995 1057 1240 1102 properantius
1256 1057 1307 1092 irc

425 1113 556 1158 Jussit,
574 1121 610 1149 et
625 1115 796 1151 aethereos
810 1117 1037 1162 praecipitavit
1056 1131 1184 1164 equos3

382 1173 434 1208 Ut
449 1178 581 1210 titulum
600 1180 845 1223 imperiiquam
864 1179 1019 1224 primum
1033 1182 1108 1214 luce
1122 1184 1275 1225 sequenti

419 1236 581 1283 Augusto
597 1238 715 1283 juveni
727 1253 889 1284 prospera
908 1243 996 1275 bella
1011 1241 1136 1276 darent
1153 1257 1162 1285 ;

157 1348 211 1379 ex
234 1330 402 1397 quibus
433 1330 605 1399 liquido
630 1344 773 1399 patet,
798 1333 1052 1400 praedictam
1079 1333 1132 1382 de
1151 1335 1216 1382 Μ.
1238 1335 1438 1383 Antonio
1461 1336 1595 1384 victo-

157 1408 258 1457 n'am
282 1415 300 1434 ²
323 1409 464 1460 fuisse
494 1423 765 1478 reportatam
781 1449 794 1470 ,
833 1431 882 1460 ac
912 1412 1164 1479 imperatoris
1191 1412 1371 1461 titulum
1407 1414 1596 1477 singulis

156 1487 348 1538 ducibus
378 1510 403 1539 a
437 1490 657 1541 militibus
692 1491 871 1550 datum,
905 1510 988 1558 pro
1016 1492 1167 1541 Ovidii
1191 1491 1392 1551 calculis,
1417 1493 1488 1541 die
1513 1507 1595 1542 XVI

155 1565 331 1616 kalend.
368 1568 538 1627 Maias3
561 1580 694 1636 atque
717 1569 906 1636 proinde
935 1570 1119 1618 Pansam
1144 1571 1295 1619 eodem
1321 1571 1393 1619 die
1419 1570 1597 1620 vulnera

153 1646 403 1713 accepisse;
439 1647 658 1714 siquidem
689 1649 779 1697 hoc
811 1648 991 1697 collatio
1025 1669 1124 1698 cum
1148 1650 1314 1698 Dionis
1344 1649 1595 1698 narratione

155 1721 285 1771 docet
301 1762 312 1781 ,
336 1735 467 1790 atque
483 1742 573 1790 prae
587 1724 753 1773 caeteris
771 1725 926 1773 Cicero
939 1762 952 1783 ,
969 1744 1060 1773 rem
1081 1725 1274 1773 dilucide
1287 1745 1562 1792 prosequens
1583 1748 1593 1775 :

159 1820 183 1840 «
213 1799 360 1848 Unius
396 1811 543 1849 autem
559 1838 571 1858 ,
596 1800 659 1848 ait
682 1799 697 1825 ³
714 1838 726 1858 ‚
751 1800 844 1849 diei*
871 1812 982 1867 quot
1009 1812 1054 1849 et
1084 1813 1259 1867 quantae
1281 1802 1492 1859 virtutes,
1516 1803 1595 1850 Dii

158 1897 182 1918 »
207 1876 493 1938 immortales,
503 1877 713 1927 suerunt?
726 1880 940 1946 Princeps
954 1879 1069 1928 enim
1084 1880 1283 1929 omnium
1299 1880 1442 1929 Pansa
1456 1879 1596 1947 praelii

160 1978 182 2000 »
209 1954 417 2015 faciendi,
449 1970 493 2005 et
515 1977 613 2006 cum
636 1959 840 2007 Antonio
863 1959 1129 2022 confligendi
1156 1959 1304 2008 fuit....
1345 1960 1434 2008 Sed
1458 1979 1595 2026 quum

162 2053 184 2072 »
212 2030 432 2081 libertatis
453 2033 577 2084 avida
601 2033 715 2098 legio
738 2034 966 2100 (Martia)
986 2035 1243 2085 effrenatius
1266 2036 1313 2084 in
1336 2035 1471 2084 aciem
1495 2036 1596 2083 hos-

162 2130 185 2150 »
213 2109 324 2158 tium
344 2110 579 2177 irrupisset
592 2150 604 2171 ,
619 2112 802 2180 ipseque
815 2113 862 2161 in
880 2113 1035 2180 primis
1052 2115 1195 2162 Pansa
1213 2126 1432 2181 pugnaret
1446 2152 1457 2171 ,
1481 2116 1595 2162 duo—

160 2210 184 2230 »
209 2188 297 2238 bus
328 2189 589 2256 periculosis
615 2191 873 2242 vulneribus
901 2194 1057 2259 (NB.)
1081 2173 1272 2261 adceptis
1293 2232 1303 2253 ,
1347 2192 1550 2242 sublatus
1573 2211 1595 2239 e

160 2289 184 2310 >²
210 2267 363 2335 praelio
385 2268 560 2336 reipub.
587 2269 720 2319 vitam
741 2272 1004 2330 reservavit,
1029 2283 1111 2320 etc.
1138 2294 1160 2314 »

221 2347 465 2410 Negotium
480 2359 626 2396 tamen
639 2348 713 2395 hic
727 2387 740 2410 ‚
766 2350 916 2415 quoad
930 2348 1069 2415 praelii
1087 2349 1202 2398 diem
1218 2386 1229 2407 ,
1249 2348 1427 2396 facessit
1443 2346 1594 2396 Galbae

203 2477 215 2496 ¹
241 2475 335 2510 Eum
353 2489 494 2522 quoque
512 2476 636 2511 eodem
654 2477 709 2511 die
726 2489 802 2511 rem
819 2476 969 2511 feliciter
993 2477 1101 2523 egisse
1117 2483 1265 2512 testatur
1296 2474 1440 2519 Cicero,
1469 2475 1595 2520 Philip.

157 2541 223 2566 nv
239 2543 248 2565 ε
263 2545 280 2560 ⁴«
295 2531 366 2566 Hie
383 2545 467 2578 ergo
479 2558 488 2575 ,
507 2532 576 2575 ait,
594 2532 794 2567 adolescens
809 2532 949 2567 maximi
972 2533 1102 2577 animi,
1126 2540 1166 2567 ut
1179 2532 1356 2567 verissime
1373 2531 1491 2567 scribit
1506 2532 1595 2567 Hir-

157 2600 176 2616 »
193 2586 282 2629 tius,
301 2592 416 2621 castra
437 2587 629 2623 multarum
646 2588 827 2635 legionum
844 2588 962 2634 paucis
983 2589 1187 2625 cohortibus
1208 2595 1340 2623 tutatus
1363 2595 1431 2629 est,
1463 2601 1595 2624 secun-

157 2655 176 2671 »
195 2641 352 2688 dumque
369 2643 530 2688 praelium
549 2644 644 2679 fecit.
659 2660 675 2675 »

203 2700 220 2718 ²
242 2698 299 2733 De
316 2712 385 2744 qua
399 2699 477 2734 vide
501 2699 712 2737 Ciceronem
726 2728 736 2745 ,
755 2700 845 2737 Phil.
860 2701 947 2736 XIV
963 2715 972 2745 ς
990 2701 1049 2737 lib.
1068 2702 1122 2745 X,
1140 2701 1251 2747 Epist.
1267 2701 1352 2737 fam.
1369 2713 1440 2737 xxx
1454 2727 1464 2746 ‚
1485 2707 1550 2736 etc.

200 2751 215 2774 ³
239 2753 366 2800 Philip.
383 2754 440 2790 lib.
454 2755 555 2790 XIV.
