1794 3100
412 205 843 251 DESCRIPTIO
877 205 1255 251 SULMONIS.
1468 207 1549 249 251

133 323 156 344 »
174 299 313 363 magis
324 299 440 367 ipso,
456 317 588 366 quam
607 298 754 365 operis
768 298 996 362 elegantia.
1013 299 1233 367 Equidem
1246 299 1559 350 Sulmonenses

134 401 157 422 »
174 376 378 427 homines
393 375 533 424 valere
548 376 742 439 ingeni0‚
757 395 800 424 sa
807 376 863 425 tis
876 396 929 424 an
937 389 1003 425 tea
1018 396 1321 440 cognoveram3
1334 377 1419 425 hoc
1431 378 1562 426 artifi-

134 477 158 499 =›
175 454 232 505 eii
242 473 400 518 genere
410 454 576 502 caeteris
585 453 844 503 hominibus
853 454 1401 522 antecellere‚vixunquam
1415 467 1562 523 putas-

132 556 158 578 »
177 551 267 582 sem
281 551 418 582 :nunc
437 544 667 599 perspecta
686 533 926 590 industria,
941 532 1044 582 illos
1057 533 1190 582 laudo
1206 572 1217 590 ‚
1240 546 1282 582 te
1296 534 1349 583 de
1361 534 1448 582 isto
1463 553 1564 582 mu-

135 634 159 655 »
176 630 280 660 nere
298 611 576 660 vehementer
590 630 702 660 amo.
724 634 746 653 »
768 612 834 659 Ea
850 622 995 660 autem
1012 629 1145 678 opera
1156 611 1203 659 in
1219 610 1565 678 quamplurimas

131 701 177 739 et
188 690 505 740 remotissimas
528 689 652 739 orbis
670 701 885 738 terrarum
902 689 1104 753 regiones
1116 689 1314 757 quotidie
1333 701 1564 756 exportan-

132 780 218 818 tur.
238 771 322 818 Est
341 780 384 818 et
398 768 445 817 in
458 768 559 836 ipso
574 788 710 835 quum
723 768 909 818 aliorum
924 769 1148 818 fructuum
1162 807 1174 828 ‚
1202 781 1296 818 tum
1311 789 1536 837 peponum
1551 808 1563 829 ,

131 845 404 914 aliarumque
415 866 678 914 rerumquae
688 866 737 895 ex
749 847 892 896 hortis
905 847 1426 914 producuntur,omnium
1436 847 1569 896 maxi-

131 943 203 973 ma
226 924 379 991 copia3
408 924 513 973 item
534 924 887 991 amygdalarum,
911 937 955 974 et
971 945 1198 974 mororum
1214 963 1225 984 ,
1252 945 1441 992 quorum
1460 925 1569 974 folia

133 1000 273 1050 edunt
289 1019 457 1050 vermes
470 999 558 1059 illi,
578 1002 654 1067 qui
674 1002 858 1050 sericum
872 1040 883 1060 ‚
904 1002 1025 1069 quod
1043 1001 1111 1051 vel
1131 1002 1328 1051 omnium
1349 1003 1567 1069 optimum

135 1090 290 1136 netur,
317 1079 518 1142 gignunt.
547 1079 614 1127 De
637 1098 766 1128 croco
790 1080 837 1127 in
856 1080 1241 1129 observationibus
1265 1080 1369 1128 dixi.
1391 1080 1507 1130 Sunt
1523 1091 1568 1130 et

136 1157 420 1207 mercimonia
436 1156 667 1206 nonnulla.
687 1157 966 1207 Tabellarius
983 1158 1190 1225 publicus
1207 1159 1279 1208 bis
1290 1159 1570 1209 hebdomade

137 1235 349 1285 Sulmone
371 1235 542 1284 transit.
575 1238 627 1283 In
659 1236 760 1284 foro
776 1274 787 1294 ‚
816 1237 938 1303 quod
963 1238 1069 1286 satis
1094 1237 1231 1286 latum
1257 1238 1452 1304 satisque
1471 1237 1572 1304 pul-

139 1314 294 1363 chrum
314 1325 406 1372 est,
429 1314 501 1363 bis
520 1314 762 1380 quotannis
776 1350 788 1373 ‚
813 1315 899 1363 hoc
918 1327 1005 1374 est,
1023 1329 1074 1363 lx
1090 1327 1133 1364 et
1150 1328 1240 1364 VIII
1260 1316 1434 1365 kalend.
1458 1317 1566 1384 Apr.

139 1404 226 1441 XIX
259 1403 304 1440 et
327 1403 453 1441 xvm
487 1390 661 1441 kalend.
687 1392 936 1459 Septembr.
976 1393 1103 1458 (quo
1130 1404 1327 1459 tempore
1350 1394 1571 1443 Nundinae

135 1470 421 1528 indicuntur,
446 1470 553 1519 item
587 1482 646 1518 ΙΙΙ
669 1469 756 1519 kal.
789 1482 833 1519 et
864 1484 936 1519 VII
970 1470 1078 1519 Idus
1117 1470 1366 1534 Octobris)
1395 1471 1571 1521 nobiles

137 1549 252 1598 cives
269 1588 281 1608 ‚
305 1549 562 1616 externique
585 1549 756 1616 equites
773 1588 785 1607 ,
816 1548 948 1597 armis
981 1548 1148 1606 induti,
1176 1548 1323 1612 longis
1356 1561 1398 1597 et
1433 1550 1571 1598 firmis

137 1645 241 1677 sane
258 1627 399 1676 hastis
415 1626 663 1694 spectacula
683 1627 893 1675 exhibent
908 1646 1039 1694 quam
1058 1627 1353 1694 pulcherrima
1374 1649 1383 1676 ε
1406 1629 1460 1677 ad
1477 1648 1573 1696 quae

136 1705 373 1772 spectanda
390 1725 480 1754 non
497 1705 621 1772 parvi
636 1704 749 1754 fiunt
766 1706 997 1755 hominum
1017 1725 1274 1755 concursus.
1300 1708 1406 1755 Haec
1426 1718 1570 1755 autem

136 1795 358 1850 postrema
379 1783 439 1841 is,
467 1803 597 1850 quem
618 1784 753 1832 modo
774 1784 1024 1842 nominavi,
1049 1784 1183 1833 frater
1199 1803 1322 1833 meus
1343 1795 1461 1832 CCXL
1480 1803 1572 1832 car—

137 1862 361 1921 minibus,
389 1882 485 1929 quae
509 1863 575 1911 ld.
602 1864 879 1931 Septembris
902 1883 1017 1912 anno
1042 1863 1272 1931 superiore
1296 1866 1486 1913 Romam
1520 1863 1574 1911 ad

141 1959 211 1990 me
224 1941 346 1989 misit
360 1978 372 1999 ,
391 1960 483 1989 non
497 1942 645 1991 minus
663 1942 790 1991 docte
802 1981 812 2000 ‚
833 1962 964 2009 quam
982 1942 1204 2006 eleganter
1218 1955 1283 1991 est
1299 1954 1571 2009 persecutus.

141 2018 247 2067 Fuit
266 2019 359 2069 haec
379 2031 530 2068 nostra
553 2020 705 2068 civitas
729 2019 935 2069 Ladislao
958 2021 1079 2084 regi,
1114 2041 1253 2088 quum
1283 2022 1399 2073 inibi
1433 2033 1549 2071 esset
1563 2059 1574 2078 ‚

142 2108 195 2144 ut
211 2115 397 2159 reguum
417 2097 638 2146 amitteret
651 2135 663 2155 ‚
685 2098 777 2163 ejus
793 2098 967 2162 egregia
988 2099 1035 2147 in
1051 2098 1173 2148 bello
1197 2118 1328 2166 opera
1352 2111 1395 2147 et
1413 2099 1576 2147 robore

141 2190 251 2221 usus
269 2209 281 2229 ‚
307 2170 452 2221 fidelis
472 2191 482 2220 ε
506 2174 793 2239 quamobrem
808 2187 963 2241 postea
972 2175 1165 2240 jucunde
1181 2176 1311 2233 vixit3
1332 2175 1485 2224 multis
1504 2195 1576 2223 or-

141 2261 245 2298 nata
269 2249 535 2316 privilegiiS‚
560 2270 658 2317 quae
679 2271 766 2300 una
791 2272 891 2302 cum
916 2253 1012 2303 aliis
1034 2255 1257 2305 veteribus
1277 2253 1577 2303 monumentis

140 2329 188 2376 in
213 2327 380 2396 palatio
403 2329 460 2376 D.
490 2329 643 2377 Mariae
666 2329 952 2380 Annuntiatae
980 2331 1319 2396 diligentissime
1349 2351 1577 2381 asservan-

142 2416 245 2454 tur:
276 2424 528 2473 egenosque
553 2418 595 2455 et
616 2425 834 2474 pauperes
856 2408 1057 2476 hospitio
1090 2413 1270 2478 accepit.
1296 2410 1416 2459 Illud
1445 2429 1577 2459 cous-

142 2486 278 2535 tantis
301 2496 344 2534 et
364 2485 492 2553 plane
515 2486 696 2550 ingenui
720 2487 878 2547 animi,
899 2489 985 2538 hoc
1003 2491 1180 2557 pietatis
1198 2511 1247 2540 ac
1265 2490 1493 2554 religionis
1512 2502 1579 2539 est

142 2577 417 2627 argumento.
442 2565 683 2613 Testantur
705 2577 943 2634 utrumque
970 2588 1107 2636 quum
1127 2567 1211 2617 alia
1230 2568 1368 2619 multa
1383 2608 1395 2629 ‚
1419 2582 1513 2617 tum
1530 2563 1577 2616 in

144 2643 302 2709 primis
336 2643 560 2692 distichon
583 2643 696 2692 illud
713 2683 724 2703 ,
751 2646 874 2712 quod
905 2646 962 2695 in
984 2659 1115 2715 porta
1145 2649 1187 2697 S.
1223 2649 1496 2713 Augustini,
1522 2649 1578 2699 ad

147 2719 356 2770 viatorem
378 2721 439 2771 ita
460 2721 649 2773 incisum
667 2722 830 2787 legitur
851 2743 860 2772 :
