1794 3100
250 243 339 287 336
506 242 960 287 TESTIMONIA
990 244 1078 287 ET
1110 244 1399 289 JUDICIA

246 336 526 399 gantissimus
540 347 669 402 poeta
683 374 695 394 ‚
709 335 821 383 nulli
837 347 1031 384 veterum
1049 348 1126 385 aut
1141 336 1315 398 ingenio
1331 374 1343 395 ‚
1361 349 1436 386 aut
1453 337 1651 387 doctrinm

243 413 508 470 concedens,
531 413 637 460 mira
657 412 867 461 brevitate
891 413 1024 471 dixit,
1048 426 1129 464 etc.
1157 436 1180 456 »

306 490 486 544 TANAQ.
506 488 688 545 FABER‚
706 487 782 536 lib.
806 489 854 546 13
877 489 1020 555 Epist.
1045 488 1103 555 37
1126 509 1137 538 :
1157 512 1180 532 «
1202 490 1382 558 Ubique
1397 489 1652 552 ingeniosus

243 578 312 615 est
343 565 531 616 Ovidius
545 602 556 622 ‚
583 563 704 631 quod
726 584 855 615 nemo
876 585 1069 633 unquam
1083 603 1096 625 ‚
1127 567 1214 615 nisi
1238 567 1314 632 qui
1336 566 1429 632 ipse
1450 566 1653 630 ingenio-

243 660 319 690 sus
337 660 431 690 non
446 651 584 698 esset,
602 641 789 704 negavit.
808 642 983 708 Ubique
999 643 1156 691 doctus
1168 654 1234 691 est
1252 641 1440 691 Ovidius
1452 679 1464 699 ‚
1489 642 1542 690 de
1562 661 1652 709 quo

243 736 333 766 non
355 716 500 765 minus
519 717 641 783 'apud
665 736 814 766 omnes
837 722 1041 766 constat?
1066 718 1143 767 sed
1163 718 1282 766 haud
1305 716 1505 783 equidem
1533 718 1624 766 scio
1639 753 1652 776 ‚

242 812 298 842 an
320 791 428 841 alibi
451 791 623 840 doctior
643 793 702 841 sit
723 804 765 841 et
787 793 1076 856 ingeniosior,
1104 812 1233 860 quam
1248 792 1295 841 in
1318 793 1508 844 secundo
1527 793 1654 842 Tris-

242 871 351 920 tium
367 889 376 917 :
391 889 536 936 neque
551 870 659 919 adeo
672 871 832 919 mirum
846 883 931 929 est;
948 890 1120 921 causam
1134 890 1256 920 suam
1269 870 1388 936 apud
1403 872 1652 933 Augustum

241 950 424 1012 agebat,
449 949 696 1016 principem
717 950 916 1007 doctum,
941 950 1185 1016 principem
1206 962 1394 1016 poetam.
1423 971 1446 991 »

308 1029 435 1076 IDEM
449 1064 461 1084 ‚
482 1028 622 1093 Epist.
647 1045 701 1093 71
726 1047 736 1075 :
759 1050 781 1070 «
800 1028 931 1076 Haud
947 1027 1150 1094 equidem
1168 1028 1258 1077 scio
1272 1064 1284 1084 ‚
1306 1027 1417 1077 sitne
1429 1019 1597 1092 aliiluid
1609 1026 1657 1074 in

242 1117 338 1154 toto
361 1106 489 1154 Latio
509 1143 521 1163 ‚
552 1106 673 1172 quod
701 1106 941 1170 elegantius
957 1145 970 1165 ,
1000 1118 1044 1155 et
1069 1106 1338 1170 ingeniosius
1361 1105 1573 1172 scriptum
1596 1104 1652 1152 ab

241 1182 332 1231 ullo
356 1195 486 1250 poeta
511 1183 667 1241 fuerit,
694 1203 824 1250 quam
845 1184 998 1248 Elegia
1020 1198 1110 1234 VIII
1135 1185 1238 1256 libyi
1263 1186 1308 1233 II
1335 1185 1620 1234 Ponticorum
1642 1203 1652 1238 ;

242 1262 304 1310 ita
326 1275 429 1310 sunt
451 1263 515 1310 ibi
539 1263 682 1312 omnia
713 1275 849 1320 tersa,
874 1264 933 1311 ita
955 1263 1102 1312 omnia
1120 1264 1238 1312 varia
1261 1275 1304 1311 et
1327 1263 1527 1311 πολυπαθιὲ
1544 1300 1557 1326 ,
1585 1261 1654 1309 καὶ

243 1339 373 1393 ’παίσας
389 1339 501 1392 Zaeedg
521 1341 613 1387 nwe'i'
626 1340 820 1402 ’γλαφυςδν
838 1342 1002 1400 ποίημα.
1034 1363 1056 1382 »

308 1417 539 1464 MORHOF.
566 1416 620 1463 de
638 1416 922 1465 Patavinitate
942 1416 1145 1473 Liviana,
1165 1434 1258 1482 cap.
1283 1415 1310 1462 5
1334 1435 1344 1462 :
1370 1437 1394 1458 (ι
1416 1415 1532 1464 Sunt
1548 1434 1655 1463 non-

242 1492 374 1550 nulli,
402 1493 478 1559 qui
502 1493 651 1543 eadem
673 1493 833 1558 injuria
865 1493 1075 1543 Ovidium
1094 1492 1321 1551 adficiunt,
1350 1505 1401 1541 ut
1426 1493 1472 1541 in
1502 1513 1654 1542 narra-

243 1569 444 1620 tionibus
466 1570 686 1638 prolixum
710 1584 753 1620 et
775 1570 1091 1620 declamatoriis
1120 1571 1302 1634 argutiis
1329 1569 1651 1634 indulgentem;

243 1667 292 1695 ac
313 1648 432 1695 fuere
449 1668 538 1697 non
557 1649 670 1697 inter
683 1661 848 1697 veteres
866 1659 1036 1696 tantum
1048 1685 1060 1703 ‚
1081 1648 1158 1698 sed
1176 1659 1217 1695 et
1233 1648 1347 1695 inter
1363 1647 1626 1697 recentiores
1640 1683 1652 1705 ‚

246 1725 322 1790 qui
345 1724 428 1772 hoc
452 1724 576 1772 illum
601 1724 755 1773 cavillo
784 1725 948 1773 feriunt
969 1764 980 1783 ‚
1018 1725 1063 1772 in
1089 1725 1252 1791 quibus
1277 1727 1564 1773 Vavassorem
1586 1743 1654 1773 re-

242 1800 374 1865 periri
393 1800 599 1863 indignor
614 1819 715 1850 sane
741 1821 750 1848 :
773 1819 872 1856 nam
891 1800 1010 1867 quod
1030 1800 1238 1848 Barthius
1256 1811 1355 1847 ante
1371 1799 1517 1865 ipsum
1537 1799 1653 1847 idem

243 1897 419 1944 quoque
442 1878 489 1926 in
511 1878 673 1927 ovidio
695 1878 974 1945 reprehendit
989 1915 1000 1935 ‚
1029 1897 1119 1926 non
1148 1895 1325 1934 moror;
1350 1887 1442 1924 erat
1475 1875 1654 1924 minime

238 1955 421 2002 istarum
437 1974 587 2016 rerum
611 1955 796 2004 idoneus
812 1955 965 2022 judex,
993 1953 1124 2016 longe
1145 1953 1201 2000 ab
1225 1951 1314 2001 illis
1335 1951 1560 2016 elegantiis
1581 1972 1652 2001 se-

241 2045 413 2091 motus,
439 2032 586 2099 quales
609 2034 654 2080 in
677 2033 839 2082 Ovidio
864 2031 1238 2099 deprehendimus.
1265 2031 1337 2079 Ab
1361 2031 1442 2079 hac
1465 2050 1567 2079 vero
1583 2031 1652 2079 in-

237 2110 352 2175 juria
384 2109 510 2158 illum
538 2110 771 2158 vindicavit
796 2110 1030 2166 Heinsius,
1062 2121 1113 2157 ut
1138 2127 1230 2156 non
1252 2127 1327 2157 sua
1353 2121 1547 2167 tantum,
1575 2109 1651 2158 sed

241 2186 407 2234 Mureti
422 2224 434 2243 ‚
448 2187 477 2233 J
480 2186 633 2252 osephi
646 2185 853 2248 Scaligeri
874 2198 919 2234 et
933 2185 1043 2233 Julii
1058 2184 1238 2233 Caesaris
1257 2185 1394 2251 patris
1413 2185 1624 2233 sententia
1637 2223 1649 2243 ‚

241 2264 318 2329 qui
349 2275 555 2328 tanquam
591 2261 845 2310 absolutum
880 2275 923 2310 et
947 2262 1065 2310 omni
1094 2281 1146 2310 ex
1168 2273 1290 2327 parte
1314 2261 1552 2327 perfectum
1584 2261 1651 2308 di-

242 2342 367 2390 cendi
397 2339 642 2407 exemplum
682 2341 1025 2397 commendavit,
1057 2339 1250 2406 prodigii
1283 2340 1445 2397 instar,
1478 2340 1572 2388 ovis
1602 2358 1652 2387 ac

241 2418 451 2485 sulphure
486 2417 736 2466 lustrandos
766 2419 1006 2476 existimet,
1040 2418 1117 2484 qui
1149 2418 1318 2467 auctori
1350 2429 1474 2467 tanto
1509 2418 1650 2466 detra—

237 2494 402 2543 herent.
434 2517 455 2536 »

788 2634 1100 2653 „nw-
