1794 3100
225 238 313 294 406
562 240 870 282 NOTITIA
901 241 1295 285 LITERARIA
1368 254 1370 257 ·

225 333 411 379 Venefis,
435 345 478 371 ex
493 331 643 372 officina
657 333 720 372 Jo.
756 333 917 372 Tacuini
933 334 978 372 de
1003 333 1040 373 T
1037 334 1157 372 ridino
1175 334 1373 385 prodiisse.
1394 357 1449 367 -—
1469 336 1607 377 Panzer
1624 365 1637 386 ,

220 408 316 440 tom.
334 400 441 440 VIII
452 429 464 449 ,
484 415 568 454 pag.
586 398 679 440 386.

274 469 382 510 Libri
403 470 448 510 de
469 471 599 510 Ponto
617 498 628 516 ‚
657 484 741 508 cum
762 469 1068 509 luculentissimis
1100 471 1376 512 commentariis
1401 474 1535 514 Barth.
1547 474 1639 514 Me-

219 536 313 576 rulae
328 535 478 575 noviter
499 536 540 574 in
560 536 683 577 lucem
711 535 853 575 emissis
871 551 880 574 :
904 550 975 575 nec
994 551 1076 576 non
1092 537 1374 593 castigatissima
1391 538 1513 578 tabula
1525 567 1539 588 ,
1553 554 1640 593 quoe

220 602 346 643 omnia
363 602 544 642 vocabula
558 631 570 650 ‚
588 615 719 642 omnes
739 601 912 641 historias
926 630 937 650 ,
964 610 1003 642 et
1017 617 1178 657 quaeque
1200 604 1297 644 scitu
1316 595 1554 659 dignissima,
1579 619 1640 646 se-

221 668 387 707 cundum
420 666 606 718 alphabeti
641 666 811 706 ordinem
844 667 1130 722 diligentissime
1161 669 1439 720 complectitur.
1471 672 1518 710 In
1537 671 1637 711 fine:

223 750 244 767 «
261 732 528 772 Enarrationes
549 731 589 770 in
612 731 792 771 Ovidium
819 731 865 771 de
881 733 1009 772 Ponto
1030 747 1039 771 :
1062 733 1253 784 impressit
1276 733 1444 774 Venetiis
1463 733 1521 775 vir
1546 735 1640 775 dili-

222 798 462 852 gentissimus
499 799 668 837 Joannes
706 796 751 835 de
786 796 949 837 Tridino
965 826 976 846 ‚
1009 790 1095 838 alias
1130 799 1334 838 Tacm'mus.
1366 799 1486 839 Anno
1514 799 1641 840 salutis

222 865 282 903 M.
306 865 358 902 D.
379 864 465 904 VII
480 892 492 910 ,
523 862 583 901 die
603 877 710 902 nono
731 862 868 902 mensis
888 863 1070 903 Octobris
1085 893 1097 912 ,
1120 871 1301 919 regnante
1322 865 1524 905 Leonardo
1537 867 1643 906 Lau-

225 929 367 970 redano
383 958 395 978 ‚
426 928 595 983 principe
613 928 757 982 inclyto
778 943 819 967 ac
841 927 1071 968 felicissimo.
1097 947 1117 965 ι)
1140 928 1267 969 in-fol.
1281 930 1508 979 —Panzer‚
1522 930 1616 971 ibid.

278 1000 385 1040 Libri
406 1000 452 1040 de
471 1001 626 1048 Ponto,
644 1015 728 1040 cum
748 999 1052 1040 luculentissimis
1070 1001 1345 1041 commentariis
1366 1001 1537 1042 Barthol.
1557 1003 1645 1042 Me-

223 1065 328 1105 rulae.
356 1067 403 1103 In
425 1064 528 1102 fine.
554 1065 794 1115 «Impressit
818 1064 1026 1104 Mediolani
1053 1065 1109 1105 vir
1138 1065 1445 1121 diligentissimus
1469 1066 1644 1122 magister

223 1129 444 1168 Leonardus
473 1129 638 1177 Pachel,
662 1143 761 1168 anno
789 1129 949 1169 Domini
980 1130 1182 1179 MDVII,
1217 1129 1276 1170 die
1299 1129 1328 1179 4
1355 1129 1640 1198 Decembris.»

224 1194 358 1234 in—fol.
371 1218 425 1224 —
445 1196 610 1244 Panzer,
632 1203 726 1235 tom.
742 1196 832 1244 XI,
860 1211 944 1251 pag.
976 1195 1069 1244 461.

876 1283 990 1324 1508.

274 1369 389 1411 Liber
409 1371 620 1410 Heroidum
642 1371 897 1423 Epistolarum
910 1400 920 1419 .,
951 1371 1045 1411 liber
1067 1372 1237 1422 Sapphus
1255 1399 1266 1420 ‚
1290 1371 1439 1411 libellus
1455 1371 1498 1410 in
1519 1369 1607 1411 Ibin
1625 1399 1638 1420 ‚

223 1448 309 1473 cum
327 1435 563 1486 expositione
589 1435 683 1474 Ant.
700 1435 832 1475 Volsci
847 1464 859 1483 ,
875 1435 1055 1475 Ubertini
1080 1436 1244 1484 Clerici,
1268 1434 1431 1475 Domitii
1449 1435 1642 1475 Calderini

223 1510 261 1539 et
281 1502 423 1541 Jodoci
444 1502 551 1541 Badii
582 1502 826 1557 singularium
848 1502 1109 1553 interpretum.
1134 1503 1337 1553 Lugduni,
1354 1517 1423 1556 per
1446 1502 1643 1541 Claudium

223 1567 375 1607 Daoost
388 1597 398 1616 ,
422 1569 520 1607 alias
534 1569 579 1606 de
601 1568 749 1619 Troyes.
766 1569 973 1607 MDVIII.
993 1568 1329 1616 in-l4⁰.—Panzer,
1345 1575 1375 1606 t.
1389 1567 1489 1615 VII,
1503 1582 1541 1618 p.
1553 1581 1644 1622 290.

276 1634 476 1672 Fastorum
496 1633 603 1680 libri,
628 1648 713 1672 cum
726 1641 930 1673 comment.
950 1633 1047 1671 Ant.
1062 1632 1280 1672 Constantii
1293 1632 1473 1672 Fanensis
1489 1641 1527 1672 et
1540 1631 1648 1672 Pauli

223 1699 363 1746 Marsi,
387 1714 544 1738 censore
567 1699 920 1738 Barthol.Me1-ula.
951 1700 997 1737 In
1018 1699 1127 1736 fine:
1157 1700 1427 1748 «Impressum
1449 1698 1618 1739 Venetiis
1632 1727 1645 1747 ‚

222 1780 289 1840 per
311 1767 499 1804 Joannem
529 1765 740 1804 Tacuinum
760 1765 807 1803 de
827 1763 1004 1803 Tridino.
1037 1764 1261 1812 MDVIII,
1303 1763 1362 1802 die
1384 1774 1452 1803 1111
1476 1763 1596 1804 Junii.
1617 1781 1638 1800 a

222 1830 279 1869 in-
264 1831 346 1870 -.fol
357 1832 584 1879 -Panzer‚
609 1839 704 1870 tom·
721 1831 855 1879 VIII,
879 1845 963 1885 pag.
987 1828 1079 1884 391.

276 1900 362 1938 Jac.
401 1897 614 1936 Constantii
639 1895 819 1935 Fanensis
843 1896 1165 1935 collectaneorum
1187 1896 1399 1950 hecatostys
1433 1893 1580 1944 prima:
1601 1894 1643 1934 in

224 1963 309 2001 Ibin
332 1962 463 2002 Ovidii
486 1962 702 2001 sarritiones
724 1961 1014 2000 annotationum
1035 1975 1044 1998 z
1064 1959 1105 1998 in
1128 1960 1294 2014 ejusdem
1317 1958 1642 2010 Metamorphoses

221 2037 430 2069 assumenta
452 2029 756 2067 annotationum.
778 2027 971 2080 Impressa
995 2027 1098 2065 Fani
1108 2026 1156 2064 ab
1172 2026 1329 2065 Hieron.
1343 2025 1514 2064 Soncino.
1527 2023 1643 2073 ira-4⁰.

225 2095 386 2134 -Bibh
408 2094 601 2133 Emtinck.
628 2095 673 2132 P.
696 2095 774 2141 IV,
796 2107 880 2146 pag.
909 2091 1005 2142 152,
1028 2107 1067 2131 n.
1090 2090 1183 2147 903.

880 2179 994 2234 1509.

276 2272 337 2309 De
360 2269 455 2308 Arte
476 2268 639 2307 Amandi
661 2276 698 2306 et
720 2268 765 2306 de
779 2267 966 2307 Remedio
983 2267 1170 2315 Amoris,
1183 2281 1269 2306 cum
1291 2273 1495 2306 comment.
1510 2265 1641 2305 Barth.

222 2338 394 2377 Merulae.
416 2339 463 2376 In
485 2336 560 2375 fine
582 2351 591 2374 z
620 2353 638 2371 t<
663 2336 832 2374 venetiis
846 2364 857 2383 ,
875 2350 943 2386 per
959 2338 1147 2375 Joannem
1161 2333 1371 2374 Tacuinum
1390 2333 1435 2372 de
1453 2332 1639 2381 Tridino‚

222 2403 395 2450 MDIX,
413 2401 473 2440 die
488 2411 563 2441 XIX
581 2400 794 2452 Septembr.
811 2418 831 2435 >2
853 2399 984 2439 in-fol.
1001 2400 1205 2438 —Panzer
1218 2427 1229 2446 ,
1252 2406 1347 2438 tom.
1359 2397 1529 2447 VIII,p.
1548 2395 1641 2451 397.

279 2466 597 2518 Metamorphosis
621 2482 707 2506 cum
728 2465 1035 2505 luculentissimis
1055 2466 1178 2516 Raph.
1198 2463 1311 2517 Regi-i
1332 2461 1640 2503 enarrationibus.

227 2536 274 2572 In
293 2533 367 2571 fine
392 2549 400 2572 ε
428 2551 447 2568 ιι
467 2533 582 2584 Apud
597 2533 809 2587 Georgium
833 2533 878 2572 de
908 2530 1151 2571 Rusconibus
1171 2529 1492 2569 Mediolanensem
1510 2530 1639 2568 Vene—

220 2598 309 2647 tiis,
331 2599 389 2637 die
412 2611 443 2638 11
461 2599 551 2639 Maii
562 2600 725 2637 MDIX.
746 2618 764 2634 »
783 2597 921 2637 in-fol.
945 2612 1029 2636 cum
1048 2597 1112 2651 fig.
1131 2619 1184 2627 —
1202 2598 1339 2636 Panzer
1356 2624 1367 2645 ,
1391 2603 1487 2636 tom.
1509 2594 1635 2642 VIII,

222 2680 306 2720 pag.
329 2664 419 2719 398.

275 2732 591 2784 Metamorphosis
614 2732 805 2772 moraliter
825 2747 847 2772 a
864 2732 1047 2785 magistro
1065 2732 1214 2772 Thoma
1228 2729 1391 2770 Walleis
1406 2757 1418 2777 ‚
1441 2726 1608 2782 Anglico
1620 2753 1633 2774 ,
