1794 3100
599 207 725 251 PER
759 209 802 251 J.
838 207 1140 254 MASSON.
1495 216 1577 258 205

151 300 376 350 dabcn‘rnine
401 307 411 326 ¹
440 313 745 367 separarentur,
781 313 832 350 ut
853 302 990 351 habet
1014 303 1168 352 Cicero
1188 309 1204 328 ²
1227 323 1236 352 :
1257 304 1380 363 itle0,
1408 318 1459 354 ut
1481 306 1586 356 bre-

150 380 246 429 vior
267 378 283 405 ³
305 391 348 428 et
370 379 617 447 expeditior
638 379 762 428 fieret
778 380 826 428 in
843 381 995 429 Asiam
1018 380 1242 444 navigatio
1257 419 1269 440 ,
1289 401 1420 430 naves
1440 383 1585 432 sinum
1634 378 1636 380 .

148 459 361 526 petebant
375 457 693 514 Corinthiacum,
712 458 759 506 in
776 477 867 525 quo
884 458 1063 508 Lecheoe
1085 472 1177 508 erat
1192 473 1350 527 portus
1361 498 1372 519 ‚
1394 461 1587 528 hincque

149 537 388 605 aliquando
403 537 613 605 plaustris
636 538 1032 587 transvehebantur
1047 558 1125 605 per
1142 540 1300 588 Isthmi
1324 538 1340 570 4
1358 543 1587 604 angustias

147 615 196 664 in
218 617 365 666 sinum
387 617 651 674 Saronicum,
677 617 725 665 in
751 637 840 684 quo
869 616 1092 666 Cenchreoe
1113 630 1284 685 portus.
1319 620 1419 667 Hoc
1442 618 1510 668 vel
1536 639 1586 669 ex

147 691 290 741 Plinio
307 692 474 742 discere
498 692 601 743 licet
617 732 628 753 ,
654 694 730 761 qui
747 693 825 741 lib.
846 695 926 751 IV,
947 712 1042 760 cap.
1066 694 1096 755 4
1116 715 1126 742 :
1154 717 1176 736 «
1197 695 1585 754 CORINTHIACUS,

147 793 175 815 κ
202 770 290 829 ait,
315 771 419 820 hinc
436 809 448 831 ‚
475 771 596 822 illinc
620 772 896 822 SARONICUS
929 772 1177 840 adpellatur
1209 775 1332 823 sinus
1363 795 1373 823 ε
1406 777 1588 825 Lecheae

150 872 176 894 >2
201 851 331 909 hinc,
366 851 601 901 Cenchreae
628 851 776 910 illine,
807 851 1111 914 angustiarum
1143 853 1346 912 termini3
1381 854 1518 918 longo
1546 869 1589 905 et

151 950 176 971 »
203 929 386 995 ancipiti
405 929 582 978 navium
597 929 790 987 ambitu,
809 948 918 995 quas
936 929 1200 992 magnitudo
1214 930 1427 997 plaustris
1447 945 1590 983 trans-

152 1028 178 1049 »
204 1006 303 1054 vehi
339 1007 566 1073 prohibet.
600 1030 621 1050 »
653 1009 745 1056 Nec
777 1006 906 1056 aliter
938 1007 1125 1065 Strabo,
1164 1006 1241 1056 lib.
1277 1011 1420 1058 VIII:
1458 1034 1479 1054 «
1515 1012 1587 1060 Ad

152 1105 177 1126 »
205 1084 541 1144 Schoenuntem‚
560 1085 734 1143 scribit,
750 1097 932 1153 portum
948 1086 1261 1149 angustissima
1275 1088 1435 1137 Isthmi
1454 1090 1586 1139 tellus

153 1182 176 1202 »
206 1172 298 1217 est,
324 1180 410 1227 qua
432 1162 606 1225 navigia
634 1174 1011 1219 transvectantur,
1038 1174 1120 1211 etc.
1149 1186 1171 1205 n

214 1243 381 1290 Verum
415 1254 462 1300 et¹
493 1263 605 1312 saepe
630 1263 760 1292 naves
792 1263 872 1311 per
895 1245 1115 1293 Isthmum
1140 1264 1233 1293 non
1268 1247 1586 1304 trahebantur,

148 1319 225 1369 sed
240 1320 295 1369 fl)
321 1334 456 1388 portu
479 1322 645 1372 Lecheo
668 1324 870 1381 stabant,
899 1324 999 1371 dein
1024 1323 1117 1371 aliae
1147 1324 1364 1374 Cenchreis
1388 1347 1588 1378 assume-

146 1399 337 1458 bantur,
367 1402 434 1450 uti
472 1401 539 1451 vel
571 1404 758 1451 IVasonis
789 1401 1039 1468 exemplum
1077 1402 1250 1450 evincit.
1295 1405 1431 1467 Quod
1457 1408 1586 1456 etiam

139 1479 275 1535 Philo
294 1481 546 1541 confirmat,
577 1482 731 1530 Flacci
749 1481 953 1529 Andrum
972 1479 1161 1529 insulam
1185 1482 1326 1530 exsilii
1345 1483 1491 1534 locum
1511 1507 1589 1553 pe-

146 1559 282 1607 tentis
306 1559 390 1608 iter
413 1560 666 1609 describens
688 1581 698 1607 :
731 1584 752 1602 «
780 1561 983 1625 Trajecto
999 1597 1010 1617 ‚
1039 1559 1213 1626 inquit,
1240 1562 1370 1609 Ionio
1404 1564 1502 1612 sinu
1527 1564 1587 1611 le—

149 1657 172 1677 »
203 1636 335 1698 gebat
360 1656 483 1686 oram
505 1657 647 1703 usque
672 1637 985 1686 Corinthum...
1022 1636 1094 1685 lbi
1126 1639 1389 1687 transmisso
1412 1641 1582 1690 Isthmo

149 1735 173 1754 »
201 1732 225 1760 a
249 1714 421 1762 Lecheo
449 1714 699 1763 Cenchreas
721 1714 873 1762 navale
902 1715 1237 1763 Corinthiorum
1321 1736 1586 1786 ascensaque

147 1811 172 1832 »
200 1810 335 1858 parva
359 1793 558 1842 oneraria
581 1792 750 1841 solvere
775 1804 954 1841 coactus
970 1831 982 1851 ‚
1009 1804 1091 1841 etc.
1119 1816 1141 1835 »

210 1877 268 1924 Π.
297 1876 368 1924 Ad
393 1875 547 1925 Ovidii
571 1875 895 1939 navigationem
918 1889 969 1925 ut
994 1877 1222 1925 redeamus
1242 1915 1254 1935 ,
1281 1878 1319 1926 is
1345 1892 1583 1947 postquam

150 1953 367 2004 Cenchreis
400 1955 536 2005 altera
568 1975 667 2004 cum
703 1955 802 2003 navi
841 1955 1056 2014 solverat,
1090 1975 1170 2023 per
1204 1957 1416 2024 AE'goeum
1465 1980 1583 2009 mare

147 2047 298 2083 vectus
323 2037 414 2092 e'st3
441 2047 592 2102 atque,
617 2036 694 2083 ubi
716 2036 907 2102 primum
924 2035 969 2083 in
986 2035 1370 2103 Hellespontiacas
1393 2040 1583 2104 venisset

147 2130 305 2179 aquas,
317 2110 439 2160 flexit
455 2112 502 2159 in
521 2111 675 2160 laevum
693 2132 849 2160 cursus
864 2150 876 2170 ,
898 2124 943 2161 et
959 2112 1149 2161 insulam
1167 2114 1367 2163 Imbriam
1386 2116 1583 2183 adpulit3

145 2245 189 2281 sit
201 2272 211 2290 ,
230 2248 339 2280 maria
354 2245 410 2280 illa
427 2245 531 2291 longe
550 2258 568 2280 a
583 2259 619 2280 se
635 2245 786 2281 invicem
805 2246 921 2281 dissita
938 2260 1011 2282 esse
1024 2274 1033 2291 ,
1062 2247 1203 2293 quando
1224 2249 1293 2284 iter
1309 2249 1351 2284 ab
1375 2262 1448 2284 uno
1464 2249 1506 2284 ad
1535 2249 1586 2284 al-

146 2307 263 2337 terurn
282 2302 421 2349 navigio
437 2302 487 2337 fit.

189 2364 201 2384 ¹
231 2363 403 2410 Quinque
432 2363 560 2399 scilicet
586 2362 737 2398 millium
761 2362 895 2409 spatio,
925 2364 977 2399 uti
1002 2363 1131 2400 docent
1158 2366 1275 2411 Mela,
1293 2366 1351 2401 lib.
1376 2366 1433 2409 11,
1450 2378 1522 2411 cap.
1539 2367 1584 2401 32

147 2418 281 2454 Plinius
294 2446 303 2463 ,
321 2420 378 2455 lib.
394 2419 461 2463 lv,
480 2433 553 2465 cap.
571 2421 602 2464 4.

188 2481 204 2500 ²
228 2479 330 2516 Orat.
346 2480 382 2516 II
398 2480 434 2515 in
452 2481 608 2516 Rullum.

191 2540 206 2562 ³
229 2541 312 2576 Vid.
329 2542 493 2578 Philostr.
512 2542 666 2588 Sophist.
683 2542 737 2577 lib.
754 2542 789 2578 II
805 2569 814 2587 ,
834 2556 911 2590 pag.
930 2546 989 2580 551
1006 2571 1015 2589 ,
1034 2545 1088 2580 ed.
1108 2545 1199 2591 Lips.

192 2603 208 2627 ⁴
233 2603 309 2649 Qui
325 2602 419 2639 locus
434 2605 578 2641 amcos
595 2604 719 2639 exinde
739 2606 945 2645 vocabatur,
967 2606 1060 2651 quod
1078 2620 1184 2649 naves
1200 2620 1263 2652 per
1280 2619 1363 2642 eum
1388 2619 1430 2642 ex
1453 2620 1526 2642 uno
1552 2608 1589 2643 in

147 2657 295 2693 alterum
313 2671 409 2694 mare
427 2659 653 2694 traherentur
666 2685 675 2702 ,
694 2667 841 2695 notante
854 2660 895 2696 cl.
914 2661 957 2696 Is.
969 2661 1096 2697 Vossio
1114 2661 1158 2696 ad
1174 2662 1281 2698 Melae
1298 2661 1356 2697 lib.
1380 2663 1436 2706 11,
1459 2675 1533 2707 cap.
1556 2662 1587 2695 3.

150 2714 206 2750 De
221 2717 343 2751 Diolco
359 2716 437 2752 vide
457 2716 684 2763 Hesychium.
