1794 3100
547 222 676 266 PER
707 222 752 265 J.
787 220 1094 266 MASSON.
1460 225 1538 284 175

117 319 307 375 Ovidius
329 316 507 385 quidem
529 315 723 365 celebrat
751 316 923 364 Fastor.
952 314 1030 364 lib.
1058 316 1098 374 I,
1124 315 1179 364 ad
1201 314 1286 364 kal.
1304 316 1431 364 Febr.
1455 318 1542 366 sive

115 395 314 447 Ianuarii
339 407 502 454 XXVII,
530 413 640 445 vers.
672 392 764 460 705
788 412 902 460 sqq:

335 502 385 537 At
400 513 478 548 quae
496 507 661 536 venturas
675 498 848 545 praecedet
860 505 961 533 sexta
971 500 1136 533 kalendas
1148 525 1157 539 ‚

381 562 459 597 Hac
474 569 557 597 sunt
573 562 704 596 Ledoee's
715 563 839 606 templa
852 561 968 594 dicam
981 559 1077 594 Deis.

337 623 512 658 Fratribus
524 622 581 657 illa
598 623 684 657 Deis
699 621 826 656 fratres
842 620 885 656 de
906 627 1009 667 gente
1025 620 1188 655 Deorum

385 682 489 719 Circa
505 683 670 718 Juturnae
685 683 912 728 composuere
926 680 1029 716 lacus.

120 773 238 822 Hinc
262 785 406 822 tamen
426 773 538 822 male
555 773 802 822 Bucherius
831 779 842 799 ¹
868 771 1067 836 colligit,
1093 773 1178 821 hoc
1200 772 1330 840 plane
1355 785 1550 841 tempore

121 849 348 901 Fastosab
374 851 539 901 ovidio
559 851 703 900 editos
726 851 889 910 fuisse3
914 870 1051 918 quum
1073 870 1122 899 ea
1142 863 1311 900 tantum
1335 852 1548 918 probent,

121 927 257 977 hosce
289 926 432 977 libros
465 928 584 977 haud
616 941 719 976 ante
752 928 873 976 hunc
895 947 1059 977 annum
1079 927 1311 991 vulgatos3
1337 927 1555 996 pluraque

126 1003 218 1052 sint
235 1004 283 1053 in
295 1003 454 1054 iisdem
471 1004 751 1071 sequentium
770 1015 1018 1070 temporum
1039 1004 1227 1063 criteria,
1245 1005 1410 1071 quibus
1426 1006 1555 1054 etiarn

126 1081 336 1150 deinceps
358 1083 786 1141 demonstrabimUS,
811 1102 886 1132 eos
909 1082 1079 1150 aliquot
1100 1095 1204 1150 post
1227 1083 1418 1132 Nasonis
1441 1084 1557 1133 exsi—

124 1159 238 1210 lium
261 1161 411 1230 anniS,
437 1162 574 1213 immo
603 1174 709 1229 post
730 1161 924 1225 Augusti
963 1161 1135 1210 obitum
1158 1161 1206 1208 in
1229 1160 1453 1227 publicam
1482 1182 1558 1211 ve-

128 1238 248 1288 nisse
277 1237 432 1293 lucem.
463 1241 530 1296 Ea
561 1251 705 1289 tamen
742 1239 934 1288 carmina
963 1251 1209 1305 potuerunt
1243 1240 1329 1289 hoc
1361 1252 1559 1307 tempore

131 1317 380 1375 conscribi,
419 1316 855 1384 siquidemOvidius*
886 1335 992 1365 suos
1020 1318 1252 1366 Fastorum
1289 1317 1430 1366 libros
1465 1319 1558 1367 Au—

131 1407 263 1462 gusto
299 1394 511 1444 dicandus
545 1413 673 1444 orsus
707 1407 774 1444 est
810 1405 925 1442 ante
944 1392 1281 1456 relegationem,
1309 1414 1558 1462 quanquam

131 1471 314 1520 nonnisi
331 1483 437 1538 post
451 1471 626 1532 eosdem
645 1471 859 1529 absolvit,
886 1481 937 1519 ut
954 1471 1090 1519 Trist.
1111 1469 1188 1519 lib
1210 1473 1284 1528 11,
1311 1491 1337 1520 a
1358 1492 1431 1520 vs
1444 1472 1558 1538 549,

132 1550 402 1614 Augustum
408 1548 676 1616 adloquens,
701 1549 859 1598 docet:

352 1656 419 1690 Sex
433 1668 499 1701 ego
513 1658 690 1691 Fastorum
704 1656 845 1701 scripsi,
862 1655 1076 1700 totidemque
1093 1657 1226 1690 libellos
1239 1683 1248 1696 ,

402 1715 567 1763 Cumque
582 1729 646 1751 suo
661 1717 772 1751 finem
789 1717 1092 1751 mense‘volumen
1108 1716 1212 1752 habet
1226 1731 1234 1751 ·.

351 1777 461 1822 quue
482 1784 539 1813 tuo
555 1791 669 1824 nuper
683 1780 841 1822 scriptum
857 1777 920 1811 sub
935 1780 1067 1811 nomine
1077 1803 1086 1816 ,
1112 1778 1243 1817 Coesar,

398 1839 446 1874 Et
460 1842 703 1874 abisacmtum
718 1852 792 1874 sors
810 1851 888 1873 mea
905 1841 996 1883 rupit
1010 1851 1106 1883 opus.

202 1930 260 1978 ll.
287 1930 504 1980 Caeterum
524 1942 572 1978 ut
590 1929 716 1996 prior
740 1928 866 1977 locus
889 1927 1157 1985 elucidetur,
1180 1947 1271 1976 non
1291 1929 1375 1976 erit
1394 1927 1475 1976 abs
1499 1948 1566 1986 re,

138 2005 352 2056 nonnulla
372 2006 444 2069 hic
463 2007 515 2073 de
533 2007 744 2074 praedicto
772 2005 954 2062 Castoris
980 2011 995 2029 ²
1022 2003 1187 2071 templo
1210 2005 1491 2070 subjungere.
1509 2007 1570 2054 Et

139 2085 333 2151 primum
349 2086 524 2152 quidem
540 2087 660 2134 Naso
676 2085 915 2148 significat,
937 2084 1145 2132 Tiberium
1166 2096 1208 2132 et
1224 2085 1415 2133 Drusum
1426 2124 1436 2142 ,
1457 2103 1571 2151 quos

123 2164 286 2229 fratres
306 2163 490 2229 degente
509 2163 696 2212 Deorum
720 2175 873 2222 vocat,
898 2160 1034 2210 simul
1056 2161 1102 2208 id
1134 2161 1349 2228 templum
1374 2162 1460 2210 sibi
1484 2182 1573 2210 res·

186 2296 197 2315 ¹
221 2293 318 2339 Belg.
336 2292 487 2328 Roman.
506 2292 564 2326 lib.
585 2291 621 2327 ΙΙ
635 2318 644 2335 ,
670 2305 741 2337 cap.
757 2303 808 2337 11,
834 2306 908 2339 pag.
925 2307 978 2340 9¹·
1371 2326 1373 2328 .

185 2356 202 2376 ²
222 2353 284 2395 Sic
299 2355 395 2390 enim
412 2353 519 2399 vulgo
534 2354 743 2398 vocabatur,
770 2366 970 2399 quanquam
985 2361 1019 2389 et
1041 2357 1180 2389 Polluci
1202 2354 1356 2389 dicatum
1370 2380 1379 2397 ,
1398 2362 1438 2389 ut
1460 2354 1574 2399 prodit.

145 2411 336 2446 Suetonius
356 2411 393 2445 in
411 2411 482 2445 Jul.
512 2410 599 2445 Caes.
621 2423 692 2455 cap.
719 2423 778 2452 ιο,
806 2410 848 2445 de
865 2411 916 2445 M.
934 2410 1060 2445 Bibulo
1085 2410 1169 2445 Julii
1194 2409 1340 2444 Caesaris
1361 2411 1396 2443 in
1415 2410 1575 2445 aedilitate

145 2466 275 2513 collega
290 2467 466 2512 scribens,
495 2467 586 2512 quod
613 2479 686 2501 non
711 2469 940 2501 dissimularet
955 2494 963 2505 ,
992 2471 1140 2501 evenisse
1157 2470 1228 2501 sibi
1246 2468 1337 2510 quod
1357 2467 1500 2501 Polluci.
1533 2467 1580 2501 Ul

145 2526 234 2557 enlm
254 2526 396 2567 geminis
406 2523 581 2567 fratribus
594 2526 682 2556 edes
694 2525 729 2556 in
744 2524 830 2555 Foro
846 2525 1044 2560 constituta,
1063 2529 1190 2555 tantum
1211 2523 1366 2555 Castoris
1383 2529 1578 2556 vocaretur:

146 2583 197 2614 ita
208 2592 306 2614 suam
321 2580 525 2623 Cesarisque
537 2581 796 2624 munficentl'am
809 2604 816 2613 .
831 2580 929 2611 unius
945 2579 1086 2611 &esuris
1099 2580 1176 2612 dici.
1194 2577 1281 2611 Inde
1299 2575 1429 2610 Statius
1442 2604 1450 2619 ,
1467 2577 1476 2610 Ι
1481 2577 1522 2611 ib.
1539 2577 1555 2611 I
1569 2604 1577 2620 ‚

146 2635 243 2683 Sylv.
258 2647 294 2678 1,
311 2648 399 2669 vers.
416 2637 476 2669 55:
493 2650 511 2666 «ι
529 2635 575 2670 Et
592 2642 694 2679 pavet
711 2633 901 2679 adspiciens
918 2631 1063 2667 Ledaeus
1083 2632 1124 2666 ab
1142 2632 1215 2666 aede
1239 2632 1430 2677 propinqua
1455 2631 1579 2679 Cylla—

148 2704 231 2739 rus,
255 2699 320 2727 etc.
340 2707 356 2722 υ
373 2699 410 2726 et
428 2691 652 2728 Martial.1ib.
675 2693 715 2734 1,
741 2691 858 2736 Epigr.
887 2702 923 2735 71
956 2702 964 2723 ε
991 2703 1008 2718 «
1116 2688 1284 2723 Vicinum
1311 2688 1456 2723 Castora
1483 2700 1576 2722 canae

151 2746 330 2783 Transibis
346 2749 472 2782 Vestae.
488 2763 504 2778 ν
