1794 3100
760 229 960 272 VITA.
1519 231 1576 291 87

364 322 486 368 thue
499 334 566 357 suo
578 321 695 357 faveas
710 321 857 356 mandat
866 347 875 362 ‚
894 320 1024 356 Ruflne
1037 347 1047 365 ‚
1065 320 1266 366 Triumpho
1277 347 1287 366 ,

408 384 452 418 In
468 389 599 418 vestras
613 381 711 417 venit
725 382 753 417 si
771 389 891 417 tamen
909 381 965 417 ille
981 395 1117 417 manus.

365 441 430 484 Est
446 457 533 489 opus
548 443 731 490 exiguum,
747 443 942 488 vestrisque
959 443 1135 489 paratibus
1145 443 1280 489 impar:

406 501 524 551 Quale
541 511 662 540 tamen
678 516 831 551 cumque
849 511 901 539 est
913 531 922 549 ,
941 512 979 540 ut
994 511 1115 540 tueare
1131 532 1140 549 ‚
1156 516 1254 551 rogo.

139 592 207 639 Et
237 589 390 654 lingua
424 590 578 639 Getica
609 588 812 638 libellum
847 589 900 637 de
929 590 1161 639 Laudibus
1200 590 1413 648 Caesaris,
1453 609 1583 657 quem

148 667 278 717 etiam
303 668 532 727 recitavit;
570 668 695 734 cujus
726 667 929 717 meminit
957 668 1026 719 IV
1058 668 1109 717 de
1135 669 1283 718 Ponto
1308 669 1363 718 ad
1387 669 1550 718 Carum
1570 706 1583 727 ‚

146 746 270 812 Eleg.
296 758 388 797 XIII
403 786 415 807 ‚
447 747 509 796 sic
531 746 730 797 scribens
752 767 762 796 :

365 852 421 888 Ah
440 852 565 898 pudet!
582 859 618 888 et
633 851 758 888 Getico
773 852 892 898 scripsi
906 864 1070 888 sermone
1085 851 1243 887 libellum
1260 866 1268 893 ;

407 912 616 958 Structoque
633 921 716 948 sunt
732 912 861 949 nostris
877 913 1024 948 barbara
1039 913 1146 948 verba
1159 912 1283 948 modis.

366 973 414 1009 Et
428 973 543 1020 placui
557 1000 567 1018 ,
584 981 720 1019 gratare
735 974 823 1009 mihi
838 1001 848 1019 ,
865 975 1021 1021 coepique
1036 980 1150 1020 poetae

413 1035 515 1070 Inter
527 1035 743 1071 inhumanos
758 1048 892 1071 nomen
909 1035 1038 1071 habere
1055 1035 1176 1071 Getas.

364 1096 555 1131 Materiam
572 1097 727 1142 quaeris?
744 1097 864 1133 laudes
880 1096 923 1132 de
943 1096 1083 1132 Caesare
1100 1096 1191 1132 dixi:

411 1156 548 1202 Adjuta
563 1165 614 1193 est
630 1158 766 1193 novitas
782 1158 930 1193 numine
946 1165 1066 1193 nostra
1082 1157 1164 1193 Dei.

366 1217 459 1253 Nam
474 1217 582 1263 patris
598 1218 748 1264 Augusti
766 1218 868 1254 docui
889 1219 1037 1254 mortale
1053 1218 1158 1254 fuisse

410 1276 551 1324 Corpus
562 1305 572 1322 ‚
590 1278 633 1313 ad
650 1278 808 1315 etherius
823 1292 961 1315 numen
981 1279 1087 1316 abisse
1105 1279 1247 1322 domos3

366 1338 451 1375 Esse
468 1328 590 1386 parem
604 1341 735 1376 virtute
752 1342 863 1387 patri,
882 1342 942 1387 qui
956 1341 1059 1377 frena
1074 1349 1216 1388 rogatus

409 1400 511 1447 Saepe
527 1402 676 1438 recusati
691 1403 824 1449 ceperit
839 1403 999 1449 imperii:

364 1462 448 1498 Esse
464 1459 675 1508 pudicarum>
687 1465 833 1500 Vestam
849 1472 884 1500 te
896 1491 906 1509 ‚
924 1464 1042 1509 Livia,
1060 1471 1215 1500 matrum
1234 1479 1243 1507 ;

408 1523 629 1571 Ambiguum
643 1533 727 1563 nato
743 1526 903 1573 dignior,
923 1539 1017 1562 anne
1034 1526 1111 1562 viro
1128 1540 1138 1562 2

371 1584 454 1620 Esse
471 1584 559 1621 duos
572 1587 718 1632 iuvenes
729 1587 748 1631 ,'
759 1588 863 1623 firma
881 1588 1085 1634 adjumenta
1104 1588 1259 1635 parentis
1272 1614 1281 1632 ‚

412 1643 488 1693 Qui
505 1647 670 1685 dederint
685 1651 793 1685 animi
810 1651 957 1698 pignora
973 1659 1068 1687 certa
1083 1651 1147 1686 sui.

367 1709 454 1745 Haec
470 1710 532 1745 ubi
547 1723 621 1745 non
637 1712 749 1757 patria
764 1712 896 1759 perlegi
912 1712 1039 1758 scripta
1057 1711 1230 1747 Camoena
1241 1738 1251 1755 ,

407 1770 519 1806 Venit
534 1778 569 1806 et
585 1771 628 1806 ad
646 1772 771 1818 digitos
790 1772 913 1807 ultima
929 1773 1049 1808 charta
1064 1786 1162 1807 meos
1177 1786 1186 1807 :

365 1830 414 1865 Et
429 1839 532 1876 caput
545 1858 554 1875 ,
571 1839 607 1867 et
622 1832 742 1878 plenas
760 1846 886 1868 omnes
900 1846 1044 1869 movere
1061 1833 1261 1879 pharetras,

407 1890 456 1926 Et
472 1892 617 1939 longum
632 1892 758 1928 Getico
773 1907 938 1928 murmur
955 1895 992 1928 in
1009 1907 1070 1929 ore
1086 1894 1163 1928 suit.

367 1953 486 2000 Atque
503 1955 625 2001 aliquis
638 1982 647 1999 ‚
665 1956 804 1992 Scribas
819 1956 893 1992 haec
907 1969 1018 2002 quum
1035 1956 1077 1991 de
1097 1956 1235 1992 Caesare
1248 1983 1258 2001 ,
1276 1956 1361 1992 dixit
1372 1983 1382 2001 ‚

412 2014 559 2051 Caesaris
574 2017 724 2063 imperio
741 2017 980 2053 restituendus
997 2032 1083 2053 eras.

147 2106 216 2154 De
238 2105 443 2156 Piscibus
465 2127 580 2175 opus
602 2128 695 2156 non
718 2109 930 2177 perfecit3
958 2109 1010 2158 de
1036 2109 1201 2176 quibus
1224 2121 1382 2175 postea
1407 2108 1580 2175 Oppia-

147 2204 255 2243 nus,
281 2185 494 2234 Ovidium
512 2187 731 2244 imitatus,
758 2207 893 2251 graece
916 2188 1096 2255 scripsit
1117 2187 1171 2236 ad
1189 2187 1468 2236 Antoninum
1490 2189 1582 2235 Im-

146 2274 409 2330 peratorem.
446 2264 636 2311 Exstant
673 2277 881 2330 praeterea
909 2264 1048 2314 multa
1080 2264 1295 2332 opuscula
1332 2265 1416 2314 sub
1449 2264 1582 2330 hujus

147 2352 291 2408 poetae
317 2340 523 2399 nomine,
558 2352 610 2388 ut
641 2341 692 2389 de
723 2343 846 2391 Nuce
878 2355 923 2391 et
951 2344 1245 2393 Medicamine
1274 2342 1400 2391 faciei
1434 2362 1483 2392 ac
1512 2362 1586 2392 au-

148 2419 287 2478 rium,
316 2419 370 2469 de
394 2418 571 2476 Pulice‚
607 2418 660 2466 de
688 2419 856 2468 Somno
873 2458 885 2478 ‚
920 2421 972 2469 de
997 2421 1191 2479 Cuculo‚
1230 2420 1283 2469 de
1305 2422 1478 2469 Aurora
1494 2458 1506 2478 ,
1532 2420 1585 2468 de

147 2495 393 2546 Philomela
405 2536 420 2561 2
437 2497 489 2546 dc
509 2497 705 2554 Limam,
725 2497 778 2546 de
794 2498 958 2548 Vetula
972 2537 983 2556 ‚
1004 2499 1058 2547 de
1077 2510 1268 2566 quatuor
1286 2497 1586 2556 HumoribuS,

150 2575 204 2624 de
219 2575 348 2625 Ludo
366 2575 742 2634 latrunculorum3
768 2595 865 2643 quae
880 2578 1050 2634 omnia,
1077 2589 1368 2645 praeterquam
1390 2577 1443 2626 de
1461 2579 1585 2626 Nuce

153 2663 199 2702 et
221 2652 274 2700 de
298 2653 596 2702 Medicamine
618 2653 770 2711 faciei,
809 2673 905 2720 quae
936 2654 1122 2703 fortasse
1153 2674 1267 2721 puer
1301 2654 1553 2721 composuit
1574 2691 1585 2711 ‚

158 2729 346 2779 ridicula
370 2743 473 2780 sunt
487 2769 499 2790 ‚
525 2750 604 2781 nec
627 2731 760 2794 digna
774 2769 785 2790 ,
807 2743 858 2780 ut
880 2730 1030 2781 divino
1052 2732 1244 2781 Nasonis
1266 2732 1471 2796 ingenio,
1495 2750 1585 2780 non
