1794 3100
568 201 699 244 PER
732 201 775 244 J,
811 199 1128 250 MASSON‚
1488 200 1564 242 151

132 299 224 347 Nec
245 296 330 344 hoc
351 293 450 343 loco
472 293 778 361 praetereunda
802 292 935 341 Liviae
951 291 1154 359 porticus
1174 291 1437 358 descriptio,
1457 292 1572 340 Dio-

131 372 202 422 nis
213 370 508 421 narrationem
526 370 647 419 haud
662 388 819 436 parum
837 367 1067 418 illustrans
1080 405 1091 426 ‚
1115 386 1248 434 quani
1266 368 1431 417 Noster
1449 368 1570 417 exhi-

129 450 209 499 bet
229 449 401 498 Fastor.
427 447 506 496 lib.
527 449 615 506 VI,
639 466 748 496 vers.
778 445 997 514 639-646
1019 467 1029 494 :

354 563 455 600 Disce
477 571 596 599 tamen
613 588 622 606 ,
639 562 787 598 veniens
803 569 903 606 aetas,
922 562 982 597 ubi
1000 562 1101 597 livia
1115 575 1212 597 nuuc
1229 569 1281 598 est

394 626 566 666 Porticus,
586 624 769 660 immensae
786 631 876 660 tecta
893 623 999 659 fuisse
1018 624 1155 659 domus.

350 685 460 722 Urbis
471 698 560 732 opus
576 684 703 720 domus
721 698 792 719 una
807 684 877 719 fuit
891 699 900 727 ;
915 685 1137 731 spatiumque
1156 684 1322 727 tenebat,

397 748 484 794 Quo
498 747 638 782 brevius
655 746 765 782 muris
779 746 906 793 oppida
923 746 1034 781 multa
1051 753 1186 782 tenent.

352 809 443 846 Hoec
459 816 594 856 aequata
612 808 687 843 solo
705 816 757 844 est
769 835 778 852 ,
793 807 892 843 nullo
908 807 972 843 sub
988 808 1135 843 crimine
1150 808 1250 854 regni
1263 834 1274 853 ‚

396 870 466 906 Sed
483 870 564 916 quia
584 870 720 916 luxuria
735 869 807 904 visa
821 882 950 904 nocere
967 882 1037 904 sua.

354 931 532 969 Sustinuit
548 939 661 968 tantas
676 945 826 978 operum
843 932 1046 967 subvertere
1066 931 1176 966 moles
1188 957 1197 975 ,

396 995 539 1040 Totque
555 1007 633 1030 suas
648 996 752 1029 hares
768 993 915 1040 perdere
937 995 1053 1029 Caesar
1065 1006 1158 1039 opes.

196 1093 252 1140 V.
281 1092 500 1140 Caeterum
526 1089 888 1157 quandoquidem
919 1089 1160 1155 Propertius
1193 1108 1309 1137 anno
1345 1089 1568 1156 praeterito

131 1181 404 1237 postremum
421 1205 433 1225 ,
459 1167 581 1234 quod
605 1167 652 1215 in
673 1167 766 1233 ejus
791 1167 1004 1234 operibus
1029 1167 1247 1225 occurrit,
1271 1185 1447 1215 carmen
1472 1186 1570 1216 exa-

131 1249 270 1307 ravit,
293 1260 345 1297 ut
366 1249 414 1296 in
436 1247 530 1314 ejus
549 1247 653 1295 Vita
676 1246 819 1296 fusius
840 1246 1193 1297 demonstramus
1207 1285 1219 1305 ‚
1241 1266 1320 1296 nec
1338 1246 1457 1296 aliud
1476 1259 1570 1306 est,

132 1325 254 1394 quod
279 1326 335 1376 ad
358 1326 680 1393 subsequentes
710 1345 851 1374 annos
885 1325 1046 1374 referre
1076 1343 1157 1392 per
1188 1337 1327 1374 certas
1356 1325 1569 1392 temporis

130 1415 261 1453 notas
283 1403 414 1453 liceat
427 1441 439 1461 ‚
470 1403 573 1452 hinc
592 1403 686 1469 ejus
704 1402 876 1452 obitum
894 1402 1081 1452 ulterius
1096 1402 1447 1470 protrahendum
1459 1440 1471 1461 ‚
1491 1422 1569 1452 ne-

132 1501 356 1551 quaquam
373 1482 663 1540 arbitramur3
687 1482 874 1531 maxime
895 1501 1032 1549 quum
1054 1495 1251 1541 constet,
1271 1483 1440 1531 huncce
1462 1502 1568 1550 poe-

132 1571 222 1610 tam
235 1561 325 1627 jam
342 1571 444 1609 ante
461 1559 621 1609 editam
638 1562 789 1609 Artem
810 1561 1078 1610 Amatoriam
1099 1567 1109 1586 ¹
1129 1560 1379 1610 decessisse.
1399 1561 1570 1609 Idcirco

133 1656 231 1704 quae
247 1639 412 1686 Noster
434 1636 487 1685 de
504 1655 549 1686 se
567 1635 687 1685 velut
710 1637 919 1704 Propertii
934 1656 1186 1686 successore
1206 1638 1322 1686 canit
1339 1677 1349 1697 ‚
1368 1637 1444 1686 illa
1464 1657 1573 1686 con-

131 1715 311 1764 firmant
328 1715 532 1782 superius
550 1735 573 1763 a
592 1715 728 1764 nobis
746 1715 799 1762 de
817 1715 959 1781 prima
975 1715 1193 1764 librorum
1212 1716 1306 1781 ejus
1324 1717 1409 1765 sub
1429 1717 1573 1765 Amo-

131 1812 220 1841 mm
236 1792 368 1842 titulo
387 1793 583 1842 editione
601 1792 730 1841 dicta.
759 1791 938 1841 Scilicet
960 1791 1048 1850 ait,
1073 1793 1208 1842 Trist.
1246 1793 1325 1842 lib.
1361 1795 1406 1841 ll
1422 1831 1432 1851 ,
1459 1813 1570 1842 vers.

134 1870 378 1940 463·467:
445 1909 449 1911 ,

565 1996 572 2004 .
587 1995 616 2004 ..
647 1970 862 2016 Legiturque
887 1972 1058 2013 Tibullus,

399 2032 447 2067 Et
462 2031 594 2078 placet,
613 2038 648 2066 et
663 2031 735 2076 jam
753 2037 787 2066 te
805 2031 962 2077 principe
978 2039 1084 2067 notus
1101 2040 1186 2068 erat.

355 2093 520 2130 Invenies
536 2092 661 2128 eadem
676 2093 795 2128 blandi
810 2101 983 2139 praecepta
998 2097 1153 2138 Properti
1168 2108 1177 2130 ,·

402 2154 591 2190 Districtus
605 2154 753 2189 minima
770 2168 837 2190 nec
852 2162 971 2190 tamen
986 2156 1042 2191 ille
1060 2164 1144 2192 nota
1160 2164 1221 2193 est.

358 2215 424 2251 His
443 2228 509 2262 ego
524 2217 681 2252 successi.

133 2325 182 2367 et
200 2313 337 2362 Trist.
361 2312 440 2361 lib.
467 2314 548 2372 IV,
574 2313 696 2377 Eleg.
724 2329 777 2372 X,
801 2334 911 2364 vers.
938 2314 998 2364 53
1018 2327 1063 2364 et
1090 2279 1179 2377 524:

359 2429 546 2465 Successor
559 2429 629 2464 fuit
644 2429 700 2465 hic
720 2430 909 2474 (Tibullus)
931 2430 991 2465 tibi
1006 2457 1015 2473 ,
1038 2431 1163 2472 Galle;
1181 2432 1373 2474 Propertius
1391 2429 1448 2464 ini.

411 2492 558 2534 Quartus
575 2490 617 2525 ab
635 2489 688 2525 his
705 2490 794 2526 serie
814 2491 983 2529 temuoris
1001 2501 1081 2526 IPSE
1098 2490 1161 2525 fui,

137 2601 288 2648 pei-bum
301 2627 312 2644 ,
330 2601 509 2647 Tempora
526 2603 647 2636 navali
655 2600 793 2647 fulgent
806 2607 954 2636 rostrata
966 2614 1099 2636 corona.
1121 2615 1139 2631 »
1160 2600 1216 2636 De
1233 2600 1332 2646 cujus
1347 2600 1489 2636 Porticu
1502 2602 1581 2636 vide

136 2670 214 2703 quae
231 2657 267 2692 in
282 2656 425 2693 Horatii
442 2658 527 2692 Vita
543 2658 744 2693 notavimus
766 2670 842 2704 pag.
862 2658 1033 2693 213-216.

183 2719 195 2739 ¹
223 2717 315 2753 Vide
335 2717 392 2753 lib.
408 2718 463 2754 111
482 2745 491 2764 ,
507 2732 594 2755 vers.
614 2718 784 2753 333-536.
