1794 3100
212 205 292 258 184
648 206 702 247 Ρ,
736 206 970 249 ovum
1007 206 1180 249 v1TA

206 317 342 364 quum
361 298 446 363 jam
473 308 657 365 quartum
683 298 822 347 exsilii
847 309 1080 348 autumnum
1097 299 1304 358 vidisset,
1328 319 1377 349 ac
1399 311 1543 368 quarta
1559 301 1629 350 fa-

206 375 363 438 tigaret
380 375 535 443 hyems,
562 375 627 423 uti
638 376 779 424 fusius
798 375 852 423 ad
866 394 963 424 eum
981 393 1144 425 annum
1163 377 1434 426 docebimus.
1458 379 1629 444 Hyems-

205 465 348 502 autem
364 492 375 511 ‚
402 473 498 520 quae
513 453 639 501 illum
660 466 806 502 secuta
825 466 892 503 est
908 455 1201 521 triumphum,
1223 455 1308 503 dici
1325 466 1469 522 quarta
1483 454 1624 504 exsilii

203 529 410 580 Ovidiani
433 531 613 596 nequit,
639 530 724 579 nisi
749 532 912 579 Noster
938 550 1053 579 anno
1089 533 1144 578 U.
1178 532 1228 579 C.
1266 543 1483 590 DCCLXII,
1509 531 1627 580 rele-.

204 619 330 669 gatus
355 607 500 655 fuerit.

269 685 310 745 4.
337 685 541 751 Denique
559 685 645 733 hoc
660 685 806 751 ipsum
819 685 1142 734 demonstratur
1154 704 1205 733 ex
1217 684 1340 751 bello
1361 685 1623 733 Germanico

203 760 368 809 cladem
391 761 619 810 Varianam
633 775 783 811 secuto
796 799 807 820 ‚
824 764 947 828 cujus
962 765 1079 811 Naso
1093 763 1292 811 meminit
1303 762 1438 810 Trist.
1458 760 1537 809 lib.
1556 762 1599 810 II
1609 799 1622 818 ‚

204 859 333 905 quem
365 840 512 888 statim
551 859 600 889 ac
639 841 693 888 ad
737 840 878 888 exsilii
910 839 1055 888 locum
1091 852 1347 906 pervenerat
1369 877 1382 896 ‚
1417 840 1622 902 Augusto

200 917 404 983 scripsit,
437 930 488 966 ut
521 918 638 984 apud
674 936 772 966 eum
810 937 886 966 sua
919 918 1160 977 vindicaret
1194 918 1401 975 erimina,
1436 937 1636 984 quorum⁴

199 1013 329 1042 causa
353 994 596 1043 exsulabat.
635 993 806 1043 Ibidem
831 994 948 1042 enim
977 1006 1079 1042 vota
1110 1013 1193 1061 pro
1216 995 1303 1044 hoc
1326 996 1524 1062 principe
1543 996 1631 1043 Ti*

197 1072 413 1139 berioque
434 1073 624 1121 fundens
642 1110 653 1130 ‚
679 1073 740 1121 ait
760 1092 870 1121 vers.
903 1071 1115 1139 169—178
1135 1093 1145 1120 z

415 1177 474 1212 Sic
489 1176 630 1211 adsueta
645 1176 713 1211 tuis
729 1188 867 1221 semper
888 1178 1039 1211 Victoria
1053 1176 1171 1211 castris

457 1239 558 1272 Nunc
573 1250 711 1282 quoque
728 1250 762 1271 se
780 1244 940 1282 praestet,
958 1244 1110 1281 notaque
1125 1237 1221 1282 signa
1238 1245 1354 1282 petat;

418 1299 675 1342 Ausoniumque
692 1299 806 1331 ducem
825 1297 930 1332 solitis
946 1297 1169 1332 circumvolet
1185 1298 1245 1333 alis
1257 1324 1270 1341 ,

460 1359 575 1393 Ponat
591 1365 626 1392 et
641 1358 676 1392 in
693 1357 802 1395 nitida
817 1358 933 1392 laurea
949 1365 1039 1392 serta
1052 1370 1151 1392 coma
1168 1372 1177 1398 ;
1226 1367 1239 1373 ·

416 1419 487 1453 Per
501 1431 608 1463 quem
623 1420 711 1452 bella
723 1422 811 1462 gen&
822 1444 831 1458 ,
855 1418 953 1464 cujus
968 1431 1055 1452 nunc
1071 1430 1216 1463 corpore
1226 1431 1377 1462 pugnas,

462 1478 667 1523 Auspicium
682 1478 737 1513 cui
752 1478 811 1512 das
828 1478 958 1523 grande
970 1505 979 1522 ,
998 1478 1161 1523 Deosque
1178 1485 1276 1521 tuos;

416 1539 644 1583 Dimidioque
661 1543 711 1573 tui
728 1551 879 1584 praesens
895 1551 930 1573 es
943 1565 952 1582 ‚
972 1546 1008 1573 et
1023 1539 1166 1584 adspicis
1182 1539 1306 1574 urbem
1320 1565 1331 1582 ,

457 1599 616 1633 Dimidio
629 1601 751 1643 procul
761 1612 816 1642 es,
834 1612 991 1644 saevaque
1008 1602 1097 1633 bella
1109 1602 1206 1643 gealt.

416 1661 486 1694 Hic
501 1660 563 1694 tibi
578 1659 625 1694 sic
639 1659 760 1694 redeat
774 1666 929 1703 superato
944 1660 1052 1694 victor
1067 1661 1108 1694 ab
1125 1662 1220 1695 hoste
1230 1686 1239 1701 ,

461 1720 573 1764 Inque
589 1719 763 1754 coronatis
775 1719 905 1765 fulgeat
923 1720 1009 1755 altus
1025 1720 1133 1766 equis.
1177 1760 1179 1762 ¹

200 1815 313 1878 Quae
336 1813 451 1862 clare
475 1814 749 1877 significant,
774 1814 943 1864 bellum
964 1828 1068 1864 tunc
1086 1817 1295 1883 temporis
1318 1817 1528 1876 saeviisse,
1553 1819 1622 1866 id-

199 1913 285 1959 que
303 1905 472 1956 gestum
493 1912 517 1940 a
535 1893 700 1940 Tiberio
714 1933 725 1949 ,
756 1913 885 1959 quem
905 1894 1138 1942 Ausonium
1157 1894 1296 1942 ducem
1313 1907 1462 1953 vocat,
1481 1908 1527 1944 et
1542 1915 1621 1962 per

199 1992 329 2038 quem
343 1975 574 2034 Augustus
590 1972 628 2019 ei
649 1972 810 2020 dicitur
826 1962 990 2019 dzim'dio
1005 1974 1073 2020 suf
1080 1990 1263 2037 proesens
1276 1974 1399 2031 urbi,
1414 1993 1463 2022 ae
1473 1975 1626 2040 procul

196 2068 304 2099 sceva
327 2050 435 2097 bella
449 2046 599 2115 gerere.
628 2050 737 2113 Ejus
761 2068 917 2115 nempe
948 2048 1117 2096 dimidia
1141 2069 1242 2115 pars
1269 2062 1362 2099 erat
1381 2050 1588 2101 Tiberius
1607 2077 1618 2108 5

199 2127 319 2194 quod
334 2127 468 2191 isjam
485 2127 541 2173 ab
560 2146 626 2174 an.
650 2127 705 2172 U.
727 2127 775 2174 C.
798 2138 988 2174 DCCLVII
1004 2164 1016 2183 ‚
1040 2127 1095 2173 ab
1108 2127 1314 2189 Augusto
1330 2126 1472 2177 fuerat
1490 2129 1622 2194 adop-

197 2216 327 2251 tatus.
353 2202 482 2250 Unde
506 2204 669 2250 Noster
691 2202 890 2267 superius
917 2201 968 2249 de
989 2201 1064 2250 illo
1089 2222 1168 2251 ceu
1192 2203 1324 2268 hujus
1348 2203 1438 2251 filio
1461 2223 1511 2252 ac
1534 2204 1619 2251 im-

196 2282 307 2348 perii
331 2280 487 2329 herede
512 2279 750 2336 cecinerat,
772 2298 880 2327 vers.
916 2278 1002 2325 165
1028 2292 1071 2327 et
1100 2278 1188 2326 166
1210 2301 1220 2328 :

411 2379 546 2423 Sospite
561 2378 608 2413 sic
624 2386 657 2412 te
673 2378 716 2412 sit
731 2385 834 2412 natus
849 2391 986 2423 quoque
1004 2392 1119 2424 sospes
1133 2393 1141 2421 3
1158 2386 1193 2413 et
1211 2379 1294 2413 olim

457 2440 650 2484 Imperium
667 2446 763 2484 regat
778 2440 844 2474 hoc
861 2452 940 2474 cum
956 2440 1092 2475 seniore
1107 2453 1221 2483 senex.

193 2534 312 2582 Illud
329 2547 475 2582 autem
494 2534 662 2582 bellum
681 2535 727 2581 in
749 2535 971 2583 Germania
985 2574 994 2589 ,
1029 2547 1072 2583 et
1091 2534 1267 2600 quidem
1286 2546 1392 2600 post
1411 2534 1468 2581 V
1458 2535 1526 2583 ari
1537 2534 1620 2582 cla-

195 2613 313 2670 dem,
339 2623 508 2671 gestum
533 2612 691 2670 fuisse,
716 2611 857 2678 liquet
881 2632 933 2660 ex
962 2613 1095 2660 Trist.
1125 2612 1201 2660 lib.
1238 2614 1331 2669 Ill,
1354 2611 1481 2675 Eleg.
1515 2625 1615 2669 XII,

196 2689 427 2755 (proximo
447 2689 678 2755 primoque
694 2708 790 2737 vere
814 2702 920 2755 post
940 2690 1090 2739 Ovidii
1107 2689 1417 2753 relegationem
1432 2690 1614 2756 scripta,
