1794 3100
306 224 388 268 DE
419 222 621 267 OVIDII
654 221 901 267 EXSILIO
934 223 1013 266 ET
1047 222 1423 271 SEPULCHRO.
1499 229 1585 290 257

164 329 333 368 serente
354 317 513 365 iterum
540 315 755 364 Suetonio
771 352 783 373 ‚
804 335 897 382 cap.
925 315 1009 374 23,
1034 317 1329 384 praedicabat:
1354 341 1375 362 «
1397 321 1588 371 Matrem

165 423 190 445 ι)
219 385 342 450 suam
366 418 418 448 ex
442 400 636 455 incesto,
663 397 782 464 quod
817 399 1049 461 Augustus
1082 418 1180 448 cum
1202 399 1323 449 Julia
1352 400 1441 450 filia
1466 423 1589 452 com-

164 505 190 529 »
216 484 436 539 misisset,
463 492 750 548 procreatam.
784 501 805 522 »
841 480 1010 538 Credo,
1034 488 1100 529 ut‘
1118 501 1246 530 suum
1275 483 1417 549 ipsius
1435 486 1588 551 *scelus

163 564 560 615 communicatione
593 563 674 612 hac
712 562 849 611 levius
885 563 1105 623 redderet,
1135 564 1212 631 qui
1249 583 1346 614 cum
1383 551 1589 617 omnibus

162 648 392 699 sororibus
418 647 561 714 stupri
585 639 948 695 consuetudinem
976 646 1149 695 fecerat.
1184 648 1269 696 Sed
1290 650 1378 715 jam
1403 651 1457 699 ad
1480 651 1591 701 alte-

160 750 254 782 ram
276 730 396 780 illam
418 741 587 797 partem
610 729 823 778 calamum
846 742 968 779 verto
982 768 994 788 ‚
1019 749 1115 797 quae
1138 731 1191 780 de
1223 732 1459 799 sepulchro
1483 736 1588 798 agit.

160 817 331 867 Tomos
351 813 591 877 relegatum
614 812 748 862 fuisse
771 812 1048 861 manifestum
1078 826 1156 863 est.
1190 815 1365 863 Nomen
1388 818 1542 884 oppidi
1568 838 1594 867 a

162 897 364 947 sabulosa
391 895 572 962 Absyrti
589 895 852 944 dissectione
876 913 927 943 ex
943 895 1129 945 historia
1147 898 1505 961 Argonautarum
1523 920 1591 948 ar—

164 980 297 1036 cessit
315 979 411 1046 ipse
434 977 649 1036 Ovidius,
676 978 811 1027 Trist.
848 977 927 1026 lib.
961 979 1050 1036 III,
1074 978 1196 1042 Eleg.
1235 992 1309 1038 lx,
1347 993 1513 1030 etcum
1537 1002 1587 1031 eo

164 1060 295 1111 multi
322 1059 422 1119 alii,
448 1071 600 1109 contra
628 1079 742 1126 quos
765 1079 821 1109 ne
844 1059 1009 1109 lusoria
1034 1061 1211 1127 quidem
1236 1081 1352 1111 arma
1388 1056 1591 1130 expedire

166 1162 312 1212 operae
329 1144 519 1211 pretium
537 1143 671 1192 fuerit
688 1144 908 1193 intestinis
926 1145 1042 1200 intra
1057 1164 1101 1194 se
1119 1146 1314 1197 dissidiis
1327 1148 1590 1201 laborantes.

167 1226 334 1276 Confer
345 1229 487 1296 Notas
499 1226 723 1292 Thysiiad
738 1227 941 1275 Medeam
954 1229 1126 1276 Senecae
1139 1267 1150 1287 ‚
1171 1230 1269 1277 Aet.
1288 1232 1334 1287 Ι,
1352 1251 1394 1297 p.
1407 1251 1464 1280 m.
1489 1233 1590 1281 108.

165 1310 325 1359 Verior
342 1308 522 1358 illorum
533 1309 690 1376 opinio
705 1348 716 1365 ‚
741 1309 817 1376 qui
836 1330 860 1357 a
877 1311 1020 1358 Tomo
1045 1311 1237 1376 quodam
1264 1314 1489 1362 conditum
1513 1317 1594 1364 ad-

111 1449 113 1452 ·
165 1405 331 1443 serunt.
364 1394 417 1440 In
435 1392 560 1457 cujus
580 1392 642 1439 rei
663 1391 794 1440 fidem
814 1391 960 1440 adfero
978 1392 1110 1441 verba
1128 1394 1310 1443 Davidis
1331 1397 1568 1447 Hoeschelii
1581 1439 1592 1457 ‚

164 1475 297 1524 Notis
318 1475 373 1524 ad
389 1473 713 1523 Bibliotheeam
736 1474 885 1522 Photii
901 1512 912 1532 ‚
938 1494 981 1541 p.
1007 1494 1063 1522 m.
1093 1474 1186 1541 962
1210 1495 1219 1523 :
1247 1500 1267 1519 α
1290 1478 1420 1526 Tomi
1441 1482 1592 1529 condi—

166 1581 192 1614 ρ)
221 1558 332 1607 toris
345 1576 554 1606 nummus
569 1567 706 1605 aereus
716 1557 932 1623 Bysantio
943 1556 1117 1606 adlatus
1130 1561 1397 1626 exstatapud
1414 1563 1480 1609 M.
1497 1564 1596 1611 Vel-

169 1664 193 1684 »
219 1634 385 1698 serum,
405 1651 529 1707 parte
548 1639 725 1688 adversa
742 1640 883 1706 ipsius
896 1641 1028 1688 Tomi
1042 1641 1231 1703 imagine
1249 1654 1292 1690 et
1308 1642 1594 1711 inscriptione

171 1746 194 1768 »
217 1735 383 1776 Tomoe
395 1734 607 1780 KTICTHS,
619 1740 767 1771 aversa
779 1722 969 1771 Hercule
983 1734 1125 1771 stante
1139 1735 1183 1771 et
1200 1723 1338 1774 literis
1355 1738 1594 1771 ΤοΜΕιΤΩΝ

171 1829 194 1851 »
220 1805 399 1869 insigni.
431 1828 454 1848 »
487 1806 593 1869 Quo
619 1816 763 1853 autem
797 1817 994 1872 tempore
1027 1805 1188 1854 factum
1215 1806 1372 1862 fuerit,
1404 1811 1595 1876 reperire

166 1889 362 1939 nondum
387 1888 530 1955 potui.
555 1888 681 1936 Istud
707 1899 850 1936 tamen
878 1889 1019 1935 miror
1035 1926 1046 1945 ,
1071 1888 1126 1937 ab
1162 1890 1395 1938 Herodoto
1427 1891 1595 1941 nullam

168 1971 323 2038 oppidi
346 1971 615 2019 mentionem
644 1969 763 2027 fieri,
788 1971 865 2036 qui
891 1982 1033 2018 tamen
1064 1970 1234 2037 reliqua
1264 1972 1396 2020 Ponti
1428 1975 1595 2022 Euxini

167 2054 281 2103 circa
299 2054 404 2102 Istri
419 2054 531 2102 ostia
547 2052 652 2102 satis
668 2052 892 2101 describit.
914 2053 987 2100 An
1002 2065 1105 2119 post
1125 2053 1251 2102 illum
1270 2054 1445 2103 demum
1463 2057 1595 2105 Tomi

167 2135 387 2183 conditae?
406 2133 612 2183 Viderint
645 2135 811 2201 quibus
831 2134 1138 2184 instructiores
1163 2136 1465 2187 Bibliothecae.
1500 2140 1595 2187 Pli-

168 2217 270 2266 nius
289 2216 489 2284 quidem‚
512 2215 590 2264 lib.
613 2217 692 2275 IV,
711 2235 805 2283 cap.
834 2234 886 2282 17
907 2236 917 2275 ;
940 2215 1081 2274 Mela,
1106 2216 1182 2266 lib.
1205 2219 1269 2277 II,
1294 2237 1388 2286 cap.
1410 2237 1438 2266 2
1461 2240 1470 2277 ;
1489 2222 1595 2269 Am-

167 2299 364 2358 mianus,
389 2298 468 2347 lib.
494 2299 626 2347 XXII
651 2309 695 2345 et
718 2299 923 2356 XXVII,
947 2298 1186 2348 desultorie
1206 2301 1459 2351 nominasse
1492 2320 1596 2351 con-

169 2382 302 2440 tenti,
324 2401 405 2430 nec
429 2380 661 2433 verbulum
685 2379 878 2437 addunt;
904 2381 1068 2430 Strabo
1092 2382 1355 2448 oppidulum
1372 2396 1498 2432 vocat
1519 2384 1595 2434 lib.
1627 2430 1633 2437 ,

167 2465 258 2523 ΙΙΙ;
283 2463 434 2514 Ovidii
447 2476 562 2512 certe
577 2461 731 2511 exsilio
752 2461 1035 2512 nobilitatum
1058 2463 1155 2512 fuit.
1185 2466 1250 2512 Ita
1272 2465 1400 2513 etiam
1423 2466 1597 2516 calami-

170 2559 282 2596 tates
304 2565 564 2610 magnorum
585 2545 804 2602 virorum,
828 2564 921 2594 non
944 2557 1067 2594 ortus
1085 2545 1219 2594 modo
1233 2583 1244 2603 ‚
1273 2547 1325 2596 ad
1349 2547 1506 2597 famam
1525 2570 1599 2598 ur—

167 2629 294 2679 bium
308 2629 488 2679 faciunt.
504 2630 546 2678 A
561 2626 1072 2694 Constantinopolitanis
1083 2628 1240 2677 deinde
1254 2629 1598 2696 imperatoribus

165 2724 320 2771 ¹contra
344 2711 615 2779 irruptiones
636 2711 937 2760 Barbarorum
957 2711 1160 2777 praesidio
1184 2712 1352 2761 munita
1378 2713 1514 2762 fuisse
1536 2715 1598 2762 vi-

267 2806 418 2850 VJJJ.
1317 2823 1365 2867 ις
