1794 3100
218 245 273 291 72
338 230 390 271 P.
441 230 673 274 OVIDII
710 230 1006 275 NASONIS
1047 231 1495 278 FRAGMENTA.

277 324 331 370 In
361 321 509 370 codice
541 323 860 390 poematiorum
899 336 1092 372 veterum
1129 323 1258 386 longe
1287 324 1628 391 antiquissimo,

216 423 344 470 quem
374 404 492 471 apud
519 406 573 451 V.
609 405 658 452 C.
692 405 871 455 Petrum
905 405 1165 454 Scriverium
1187 406 1303 464 vidi,
1345 406 1507 455 ovidio
1543 406 1629 455 hoc

212 485 477 551 epigramma
497 485 713 534 ineditum
737 487 1072 535 adscribebatur
1090 506 1100 534 :

427 603 509 636 Jam
528 601 679 636 nitidum
695 601 832 647 liquidis
847 601 998 637 Phoebus
1012 602 1113 647 jubar
1127 601 1245 646 intulit
1265 601 1368 637 undis
1383 626 1394 645 ,

473 662 667 696 Emeritam
684 675 855 697 renovans
875 661 1031 710 Tethyos
1049 675 1152 696 amne
1170 662 1295 697 facem.

432 722 535 757 Astra
552 723 643 757 subit
659 722 768 758 niveis
782 722 913 758 Phoebe
932 723 1092 758 subvecta
1108 722 1282 768 juvencis,

471 782 569 818 Mitis
585 790 620 817 et
638 783 790 819 aethereo
810 784 936 818 labitur
951 797 1010 818 axe
1026 796 1140 828 sopor.
1236 780 1238 783 ’

432 842 618 878 Adludunt
634 844 746 878 teneri
766 844 922 879 tremulis
941 856 1021 878 cum
1039 843 1206 877 matribus
1222 843 1324 888 agni,

472 903 717 949 Lacteolasque
737 904 870 939 animas
887 904 1015 938 lacteus
1033 903 1163 937 humor
1178 903 1247 937 alit.

216 1015 269 1061 In
288 1013 439 1061 eodem
455 1012 603 1062 codice
619 1025 874 1075 argumenta
890 1007 1107 1061 librorum
1119 1012 1464 1076 Virgilianorum
1478 1024 1634 1077 nostro

215 1096 344 1143 etiam
373 1095 736 1144 adscribebantur
757 1134 769 1154 ,
804 1108 856 1143 ut
883 1108 925 1144 et
946 1096 992 1143 in
1016 1095 1167 1145 multis
1190 1095 1286 1145 aliis
1312 1096 1633 1164 exemplaribus

213 1177 422 1234 vetustis,
452 1197 547 1243 quae
572 1177 661 1225 vidi
682 1198 692 1225 ε
714 1178 790 1226 sed
808 1180 1048 1245 perperam.
1072 1179 1274 1245 Denique
1300 1179 1346 1226 in
1370 1179 1552 1244 antiquo
1578 1177 1633 1225 li-

182 1297 193 1332 ..
214 1258 298 1306 bro
316 1259 496 1322 Georgii
517 1259 727 1325 Fabricii,
753 1260 839 1308 hoc
862 1260 1126 1327 epigramma
1147 1261 1199 1308 de
1216 1261 1419 1310 Lucretia
1439 1259 1631 1310 Nasonis

212 1358 374 1388 nomen
398 1341 647 1388 ostentabat
666 1360 677 1388 ε

429 1455 556 1500 Quum
571 1454 709 1490 foderet
724 1453 818 1489 ferro
832 1461 965 1489 castum
980 1454 1141 1490 Lucretia
1158 1462 1278 1500 pectus
1291 1481 1301 1499 ‚

471 1516 658 1560 Sanguinis
677 1522 713 1550 et
727 1523 864 1550 torrens
880 1515 1123 1561 egrederetur,
1148 1515 1196 1551 ait
1210 1528 1219 1550 :

431 1576 630 1611 Procedant
647 1583 751 1611 testes
771 1589 828 1611 me
845 1589 919 1611 non
935 1576 1098 1622 placuisse
1114 1584 1267 1624 tyranno
1278 1603 1288 1621 ,

472 1636 567 1671 Ante
584 1637 698 1671 virum
714 1637 852 1682 sanguis
867 1662 877 1680 ‚
897 1636 1036 1682 spiritus
1053 1644 1132 1672 ante
1149 1637 1255 1672 Deos.

214 1749 302 1798 Sed
321 1750 408 1815 jam
431 1749 535 1798 satis
559 1769 569 1797 :
589 1769 690 1798 nam
714 1749 811 1798 illas
834 1749 1207 1817 ineptissimorum
1221 1749 1448 1798 hominum
1472 1748 1526 1797 de
1542 1748 1632 1797 Pu-

213 1831 295 1879 lice
313 1869 325 1889 ‚
351 1830 595 1880 Philomela
609 1869 621 1889 ,
650 1843 694 1880 et
716 1832 787 1880 his
811 1831 973 1880 similes
987 1851 1126 1894 nugas
1151 1831 1250 1897 quis
1267 1829 1428 1879 ovidio
1444 1829 1632 1878 adscribi

212 1913 430 1979 patienter
452 1925 528 1961 aut
547 1932 672 1980 aequo
694 1914 839 1961 animo
863 1913 974 1961 serat
992 1914 1012 1961 Ξ)
1046 1914 1231 1961 Carmen
1254 1912 1381 1959 etiam
1400 1910 1631 1978 panegyri-

217 2013 315 2043 cum
339 1995 393 2043 ad
415 1995 619 2044 Pisonem
643 1995 698 2043 ad
718 1994 802 2043 alia
820 1995 909 2061 jam
932 2006 1071 2044 castra
1088 1995 1184 2059 jure
1207 1994 1375 2061 optimo
1394 1992 1606 2042 transivit.

627 2206 761 2234 FINIS
790 2204 1219 2235 FRAGMENTORUM.
