1794 3100
281 249 336 291 62
808 249 1182 294 EXCURSUS

279 338 412 386 rostri
430 338 681 387 aduncitate
699 358 894 405 per-eam
917 360 963 389 se
986 353 1154 408 partem
1180 342 1382 408 proluere
1405 343 1588 392 insitum
1613 356 1702 401 est,

288 435 371 480 qua
403 416 649 464 redduntur
681 417 880 465 ciborum
908 437 1064 477 onera,
1087 422 1148 467 'ut
1176 419 1455 469 Minutianus
1493 440 1704 484 gramma-

284 492 396 540 ticus
408 493 524 558 apud
545 492 731 542 Coelium
746 494 1070 557 Rhodiginum,
1087 495 1235 563 Antiq.
1258 497 1440 546 Lcclt'on.
1463 498 1540 547 lib.
1561 500 1674 546 XIII
1687 530 1699 550 2

283 589 375 636 cap.
415 589 431 617 1
462 589 471 627 ;
511 568 736 628 Alciatus,
767 569 1023 619 Emblemate
1055 571 1148 629 86;
1185 575 1413 630 Zarottus,
1438 586 1482 622 et
1506 573 1704 641 plerique

287 649 671 712 grammaticorum
689 649 959 706 existimant,
985 668 1064 697 nec
1091 650 1242 707 etiam,
1267 651 1389 716 quod
1414 651 1592 700 libellus
1610 651 1705 700 Cal-

284 727 458 775 limachi
479 727 585 775 diris
606 739 648 775 et
673 727 1044 776 exsecrationibus
1059 739 1171 776 esset
1184 728 1370 780 refertus
1385 767 1396 786 ,
1418 749 1512 795 quae
1530 748 1702 796 serpen-

284 807 394 854 tium
421 806 581 861 instar,
611 806 774 871 quibus
791 804 884 853 Ibis
904 806 1115 863 vescitur,
1140 806 1429 872 Apollonium
1450 809 1705 858 morderent

281 900 331 928 ac
355 880 598 929 lacerarent
635 881 768 946 (quae
797 881 1008 929 sententia
1034 894 1100 930 est
1127 881 1249 930 Laelii
1274 882 1474 932 Bisciolae
1499 883 1546 932 in
1575 885 1705 933 Hnn's

279 958 508 1014 subcesivaek,
531 957 608 1006 lib.
626 960 687 1015 V,
701 976 793 1024 cap.
817 958 895 1022 18)
920 979 931 1008 ς
957 958 1033 1006 sed
1047 970 1096 1007 ut
1114 958 1402 1025 Apollonius,
1424 961 1500 1026 qui
1515 961 1703 1010 Alexan-

284 1034 436 1082 drinus
464 1046 583 1091 erat,
618 1033 763 1099 aliqua
799 1053 851 1082 ex
880 1046 1003 1100 parte
1027 1034 1327 1083 indicaretur.¹
1351 1036 1564 1099 Quamvis
1587 1037 1704 1086 enim

285 1111 492 1162 Rhodius
514 1110 756 1168 diceretur,
779 1110 1126 1160 Alexandrinum
1162 1123 1306 1161 tamen
1338 1112 1474 1162 fuisse
1507 1109 1706 1180 prodidit

283 1188 458 1245 Strabo,
470 1187 548 1235 lib.
569 1188 692 1244 XIV,
708 1206 808 1253 pag.
831 1187 891 1247 45
908 1187 1115 1237 editionis
1130 1208 1154 1237 a
1173 1189 1435 1237 Casaubono
1453 1189 1704 1252 recognitae,

281 1267 352 1314 his
374 1266 555 1315 verbis:
582 1270 783 1319 Διονύσιος
811 1269 852 1313 δὲ
882 1272 902 1313 ὁ
919 1269 1066 1330 Θράξ,
1088 1271 1150 1313 καὶ
1178 1259 1424 1320 Ᾰπολ)ώνιος
1455 1272 1475 1314 ὁ
1507 1272 1596 1322 τοὺς
1620 1260 1701 1333 Ap-

284 1351 473 1409 γοναύτας
502 1356 690 1402 ποιήσας,
710 1340 960 1409 Ᾱλεξανδρεῖς
979 1349 1076 1408 μὲν,
1098 1351 1301 1397 ἐκαλοῦντο
1319 1349 1361 1395 δὲ
1378 1341 1556 1396 Po'ffwm
1556 1347 1702 1395 ‹Dio-

283 1447 306 1466 »
334 1424 485 1489 nysius
502 1442 604 1471 vero
621 1423 790 1480 Thrax,
810 1436 854 1471 et
872 1423 1158 1489 Apollonius,
1173 1424 1575 1488 Argonauticorum
1593 1439 1702 1472 con·-

284 1525 308 1545 »
337 1502 478 1559 ditor,
502 1500 790 1550 Alexandrini
819 1501 994 1567 quidem
1023 1501 1223 1558 fuerunt,
1248 1501 1324 1550 sed
1353 1501 1566 1549 nominati
1600 1513 1703 1549 sunt

285 1603 307 1622 >³
336 1579 518 1628 Rhodii.
536 1602 558 1620 »
587 1573 830 1632 Ᾰπολλώνιος
845 1579 1004 1627 Suidas
1024 1599 1034 1627 :
1056 1573 1316 1645 Ᾰλεξανδρεὺς
1335 1584 1437 1628 ἐπῶν
1450 1585 1606 1632 ποιητὴς
1619 1581 1703 1626 δια-

282 1663 417 1724 τρίψα;
435 1663 471 1704 ἐν
493 1653 604 1720 ῥόδῳ
617 1695 628 1713 ,
646 1663 727 1717 υἱὸς
745 1663 922 1710 Σιλλέως.
942 1659 1052 1705 Item
1062 1677 1306 1724 anonymus
1323 1669 1489 1715 auctor,
1504 1658 1702 1724 quiseri—

284 1737 375 1802 psit
384 1742 490 1798 γένος
513 1727 757 1783 Ᾱπολλωνιόυ
769 1745 836 1783 τοῦ
856 1731 1011 1783 Ῥοδίου·
1031 1755 1282 1802 quanquam
1294 1735 1509 1792 AElianus,
1529 1735 1580 1782 de
1596 1735 1703 1783 Ani-

283 1812 473 1867 malibus,
496 1812 573 1860 lib.
590 1813 689 1869 XV,
702 1832 795 1878 cap.
814 1811 874 1858 23
889 1849 901 1869 ,
927 1830 1025 1858 eum
1045 1810 1341 1858 Naucratitam
1361 1811 1500 1858 sacere
1516 1809 1698 1872 videtur.

283 1889 369 1936 Sed
382 1902 606 1956 utcunque
621 1901 705 1946 est,
720 1890 942 1955 AEgyptus
956 1889 1094 1953 patria
1112 1887 1196 1935 fuit
1207 1908 1216 1934 :
1227 1887 1581 1935 Naucratis'enim
1592 1887 1701 1935 urbs

284 1977 349 2014 est
367 1966 568 2032 AEgypti.
592 1966 826 2029 Quamobi
829 1983 895 2012 em
918 1964 1050 2027 longe
1066 1963 1235 2011 fallitur
1248 1965 1277 2011 J
1280 1980 1444 2012 oannes
1460 1964 1699 2023 Meursius',

284 2044 382 2109 qui,
400 2043 664 2112 Syntagmate
678 2042 729 2090 de
744 2042 1003 2109 Apollonide,
1025 2061 1108 2107 pro
1127 2041 1308 2089 diversis
1325 2042 1458 2089 habet
1474 2040 1699 2089 Rhodium

240 2118 242 2121 ’
285 2132 329 2167 et
348 2118 724 2176 Alexandrinum,
744 2117 866 2165 Sillei
880 2117 1046 2174 filium,
1069 2117 1143 2183 qui
1160 2117 1474 2165 Eratostheni
1461 2135 1513 2164 m
1519 2110 1699 2164 Alexan-

286 2198 422 2246 drinae
453 2195 734 2244 bibliothecae
759 2195 1015 2261 praefectura
1044 2195 1265 2242 successit.
1300 2193 1504 2242 Ovidius
1524 2205 1696 2250 autem,

286 2274 542 2325 Callimachi
572 2273 771 2339 exemplo
794 2273 1017 2321 inimicum
1043 2291 1170 2320 suum
1196 2273 1296 2320 Ibin
1313 2265 1560 2338 ‘appellasse
1582 2272 1699 2320 vide-

285 2366 378 2410 tur,
406 2351 771 2419 quemadmodum
793 2350 966 2398 Tullius
992 2350 1228 2398 Orationes
1251 2349 1410 2397 suasin
1428 2349 1673 2397 Antonium
1688 2389 1700 2410 ,

286 2429 599 2478 Demosthenis
631 2428 895 2484 imitatione,
921 2426 1192 2493 Philippicas
1216 2425 1459 2491 inscripsit,
1482 2426 1547 2473 uti
1573 2426 1699 2474 etiam
1757 2448 1763 2456 ·

285 2508 460 2568 Trogus
481 2505 719 2571 Pompeius
736 2504 943 2552 historias
957 2523 1079 2561 suas,
1100 2502 1369 2551 aemulatione
1382 2500 1697 2570 Theopompi,

288 2585 365 2651 qui
396 2584 670 2650 Philippicas
694 2583 937 2649 scripserat.
977 2582 1064 2630 Sed
1087 2581 1225 2644 magis
1248 2592 1314 2628 est
1337 2593 1385 2628 ut
1408 2581 1578 2629 credam
1609 2584 1697 2630 Na-

287 2662 407 2711 sonis
430 2662 721 2710 adversarium
744 2661 884 2708 Ibidis
906 2659 1084 2707 nomine
1106 2656 1375 2721 designatum
1394 2696 1404 2715 ,
1430 2658 1549 2724 quod
1572 2658 1610 2706 is
1631 2677 1695 2706 re·

286 2758 382 2788 vera
402 2738 637 2805 AEgyptius
650 2750 762 2787 esset
776 2775 787 2796 ,
808 2756 895 2803 qua
912 2737 965 2785 de
978 2757 1024 2786 re
1043 2735 1241 2802 sequenti
1258 2736 1399 2802 capite
1414 2735 1695 2784 disseremus:
