1794 3100
240 227 324 269 232
677 227 729 268 P.
776 226 1010 272 OVIDII
1046 221 1222 270 VITA

241 340 262 360 »
292 317 580 383 suscepisset,
615 317 859 383 periturum
889 317 1064 366 videret.
1103 316 1287 382 Solique
1309 317 1413 366 huic
1437 319 1656 382 contigit,

244 415 263 434 »
291 392 601 459 paenebdiutius
631 411 831 441 recusare
861 393 1183 459 principatum,
1210 410 1368 458 quam,
1392 405 1443 442 ut
1472 412 1658 461 occupa-

242 491 263 510 »
286 481 386 519 rent
422 488 548 525 eum,
590 467 665 516 alii
703 470 834 518 armis
870 480 1181 536 pugnaverant.
1211 491 1234 511 »
1267 469 1438 518 Eodem
1470 470 1660 519 Ovidius

237 547 415 612 respicit
440 547 515 594 lib.
541 548 605 594 IV
627 565 677 595 ex
703 548 829 595 Pont.
858 548 1002 614 Epist.
1028 559 1138 606 XIII,
1165 559 1216 596 ut
1240 548 1294 596 ad
1318 567 1483 597 annum
1504 549 1659 615 proxi-

237 645 356 673 mum
380 625 636 673 videbimus.

306 711 371 751 2⁰.
397 704 535 750 Poeta
559 702 721 749 ibidem
747 702 865 750 haud
891 702 1076 751 obscure
1099 702 1298 769 designat
1319 704 1452 754 Livt'oe
1472 705 1518 752 in
1537 704 1663 753 fami-

214 835 219 839 ·
241 780 344 827 liam
363 780 525 828 Juliam
551 791 592 827 et
611 797 773 827 nomen
795 781 1004 845 Augusta:
1021 779 1303 846 adoptionem
1321 818 1334 838 ,
1357 781 1551 844 Augusti
1574 793 1664 830 tes·-

242 870 433 906 tamento
451 858 607 906 factam
621 896 632 915 ,
652 869 758 905 teste
781 857 956 915 Tacito,
981 858 1084 923 qui,
1105 859 1298 920 Augusti
1314 871 1454 908 morte
1469 872 1662 918 narrata,

240 937 469 1001 subjungit
497 942 507 961 ¹
532 955 540 983 :
568 958 589 977 «
615 934 735 983 Nihil
762 934 906 1001 primo
927 947 1103 996 senatus
1127 935 1195 982 die
1221 935 1290 998 agi
1313 954 1467 1002 passus
1496 937 1665 999 (Tibe-

246 1037 268 1057 »
295 1015 448 1076 rius),
472 1013 555 1061 nisi
576 1013 628 1060 de
647 1012 862 1079 supremis
882 1012 1087 1074 Augusti.
1112 1012 1250 1078 Cujus
1270 1024 1578 1063 testamentum
1595 1015 1666 1063 in-

245 1115 267 1133 u
296 1090 432 1140 latum
458 1108 536 1156 per
557 1089 750 1152 virgines
777 1090 920 1137 Vestae
935 1126 947 1146 ‚
970 1089 1199 1138 Tiberium
1222 1102 1266 1138 et
1295 1090 1464 1139 Liviam
1486 1090 1667 1140 heredes

246 1192 268 1210 n
294 1168 467 1216 habuit.
499 1167 621 1225 Livia
646 1167 692 1214 in
722 1165 928 1214 familiam
958 1165 1122 1214 ,Iuliam
1139 1204 1151 1224 ‚
1181 1185 1430 1233 nomenque
1453 1167 1667 1231 Augustae

247 1270 269 1290 >›
297 1246 622 1295 adsumebatur.
657 1267 679 1287 υ
706 1244 827 1292 Idem
854 1244 1033 1292 tradunt
1047 1243 1242 1293 Velleius
1266 1250 1285 1269 ²
1308 1257 1352 1293 et
1370 1246 1608 1295 Suetonius
1628 1245 1666 1302 ³3

244 1325 591 1389 confirmantque
617 1322 784 1371 nummi
803 1323 1009 1385 Augusto
1038 1322 1124 1388 jam
1150 1321 1355 1371 defuncto
1371 1323 1484 1382 cusi,
1503 1323 1667 1373 Liviam

245 1402 328 1451 sub
353 1401 430 1449 illo
455 1403 483 1448 J
487 1413 620 1449 ULIAE
641 1401 892 1448 AUGUSTAE
913 1399 1092 1448 nomine
1113 1394 1486 1465 repraesentantes.
1515 1398 1517 1401 ¹
1551 1424 1554 1427 ·

983 1512 1133 1523 mm

445 1626 553 1659 Anno
571 1623 613 1658 C.
633 1635 680 1658 xv
695 1637 703 1664 ;
719 1623 765 1659 U.
785 1622 827 1658 C.
844 1633 1055 1664 DCCLXVI113
1073 1621 1193 1657 Ovidii
1209 1632 1286 1657 Lvu
1306 1628 1342 1656 et
1356 1632 1461 1657 Lv111.

379 1718 554 1755 Duuso
582 1700 814 1760 cAESARE',
842 1715 882 1752 e.
908 1715 1154 1752 NORBANO
1179 1715 1381 1773 FLAcco
1407 1715 1543 1752 coss.

315 1818 349 1863 I.
378 1817 650 1863 EPISTOLAM
668 1825 755 1861 XIII
775 1812 850 1859 lib.
877 1812 941 1859 IV
964 1830 1014 1858 ex
1038 1812 1185 1859 Ponto
1199 1849 1211 1869 ‚
1230 1821 1348 1858 sexta
1362 1810 1500 1880 hyeme
1516 1809 1584 1859 sui
1597 1830 1673 1859 ex-

253 1894 339 1942 silii
364 1913 386 1941 a
411 1895 584 1940 Nasone
600 1890 815 1955 scriptam
830 1926 841 1945 ,
862 1887 1065 1954 superius
1090 1886 1107 1918 4
1128 1907 1179 1935 ex
1202 1906 1309 1935 vers.
1337 1889 1398 1948 [40
1422 1887 1673 1945 docuimus,

251 1971 449 2035 hancque
475 1967 684 2034 temporis
709 1978 861 2014 notam
889 1983 912 2011 a
945 1982 1076 2030 prava
1107 1963 1372 2012 eminentiss·
1408 1963 1574 2012 Norisii
1607 1963 1674 2011 in-

254 2045 564 2112 terpretatione
581 2041 908 2090 vindicavimusss
932 2039 1010 2088 Illa
1029 2052 1173 2088 autem
1191 2040 1328 2109 hyems
1342 2040 1541 2107 proxime
1558 2042 1676 2088 mor-

255 2136 341 2172 tem
364 2121 553 2184 Augusti
581 2119 869 2185 sequebatur,
895 2130 947 2166 ut
980 2118 1145 2165 ibidem
1178 2117 1322 2166 obiter
1356 2117 1545 2166 diximus
1558 2133 1683 2183 ,pa-¹

256 2212 407 2265 tetque
429 2217 479 2246 ex
503 2198 572 2246 his
595 2208 735 2263 poetae
761 2196 813 2243 de
837 2214 917 2242 suo
945 2195 1131 2242 carmine
1152 2193 1306 2256 lingua
1327 2193 1471 2242 Getica
1489 2193 1676 2242 concin-

257 2290 384 2334 nato,
409 2295 518 2323 vers.
549 2273 725 2340 19-28:

479 2373 535 2407 Ah
553 2372 678 2417 pudet!
696 2378 730 2406 et
753 2373 871 2405 Getico
885 2372 1010 2414 scripsi
1020 2381 1167 2404 sermone
1182 2371 1327 2403 libellum
1339 2394 1347 2409 ,

516 2433 723 2477 structaque
739 2439 821 2466 sunt
836 2430 962 2466 nostris
977 2430 1122 2467 barbara
1138 2429 1242 2465 verba
1257 2427 1380 2462 modis.

304 2550 316 2569 ¹
345 2546 470 2581 Annal.
486 2546 543 2580 lib.
560 2547 597 2589 Ι,
614 2558 687 2591 cap.
709 2559 758 2579 11.

306 2611 321 2630 ²
343 2609 417 2643 Lib.
436 2609 472 2642 II
487 2635 495 2651 ,
516 2621 586 2653 cap.
606 2609 656 2653 75.

308 2669 322 2690 ³
345 2672 387 2706 In
405 2670 495 2714 Aug.
510 2682 582 2714 cap.
602 2681 673 2704 101.

307 2732 321 2755 ⁴
345 2733 427 2776 Pag.
450 2732 506 2765 181
526 2737 560 2766 et
580 2731 651 2764 182.
