1794 3100
272 293 295 318 ι».
645 275 697 317 P.
732 275 974 320 OVIDII
1013 276 1319 322 NASONIS

335 367 528 417 Artificis
551 368 684 435 periit
708 370 844 435 quum
868 382 1000 437 caput
1023 371 1131 420 Arte
1154 391 1244 420 sua.

270 447 398 494 Unus
413 484 425 505 ,
451 458 494 495 et
513 446 601 494 hoc
624 446 771 513 ipsum
795 459 862 496 est
883 448 1042 513 injuria
1061 468 1217 511 magna
1232 487 1243 506 ‚
1269 468 1504 515 perennem

332 523 550 572 Candoris
574 523 755 571 titulum
779 543 871 571 non
896 524 1003 572 sinit
1029 543 1123 573 esse
1146 525 1246 573 mei.

267 599 486 666 Quisquis
510 601 548 649 is
572 613 665 659 est,
692 620 794 649 nam
818 620 979 650 nomen
998 602 1142 650 adhuc
1165 615 1391 670 utcunque
1415 606 1571 654 tacebo
1589 644 1601 662 ‚

332 678 469 740 Cogit
490 678 743 727 inadsuetas
766 698 938 727 sumere
962 679 1047 731 tela
1070 700 1240 729 manus.
1658 708 1697 731 10

265 754 346 802 Ille
367 755 607 818 relegatum
633 755 806 819 gelidos
830 757 1072 823 Aquilonis
1099 758 1154 806 ad
1180 770 1307 807 ortus

332 833 436 880 Non
460 831 568 879 sinit
596 830 750 880 exsilio
777 831 1004 882 delituisse
1029 853 1138 891 suo;

268 907 551 974 Vulneraque
578 908 759 957 immitis
782 910 976 975 requiem
1003 911 1242 976 quaerentia
1262 923 1410 969 vexat,

333 989 482 1036 Jactat
502 999 546 1035 et
569 987 616 1034 in
643 998 742 1036 toto
764 988 946 1037 nomina
966 1001 1119 1038 nostra
1144 988 1269 1046 for0;

268 1067 579 1133 Perpetuoque
604 1065 714 1113 mihi
736 1066 946 1114 sociatam
968 1066 1132 1115 foedere
1156 1066 1258 1115 lecti
1660 1081 1698 1116 15

310 1175 341 1209 6.
362 1175 447 1210 Arte
470 1187 546 1209 sua.
564 1172 701 1211 Eadem
719 1172 799 1207 alibi
817 1186 856 1208 ac
876 1173 952 1209 fre-

267 1240 378 1274 quens
395 1227 538 1272 querela
555 1233 607 1261 est
621 1233 735 1272 poetae
758 1239 766 1260 :
791 1232 830 1261 ut
845 1226 951 1261 Trist.

266 1280 324 1314 lib.
340 1280 395 1323 11,
414 1291 501 1313 vers.
522 1293 539 1312 2
558 1291 566 1312 ι
583 1292 600 1307 «
621 1277 771 1323 Ingenio
788 1278 875 1323 perii
893 1278 952 1322 qui

267 1331 373 1366 miser
385 1332 456 1376 ipse
472 1342 564 1364 meo.
580 1344 596 1359 »
614 1329 661 1364 Et
675 1330 778 1364 Pont.
795 1330 844 1372 ΙΙ,
855 1330 951 1374 Eleg.

267 1396 343 1428 vn,
360 1398 407 1419 vs.
421 1386 461 1428 47
476 1396 484 1417 ι
502 1397 520 1412 «
535 1382 679 1417 Artibus
690 1383 851 1427 ingenuis
863 1394 953 1427 quae-

267 1438 331 1472 sita
350 1443 402 1471 est
425 1435 533 1481 gloria
550 1434 670 1470 multis
690 1447 697 1469 :
716 1434 844 1469 Infelix
866 1433 954 1478 perii

268 1489 407 1524 dotibus
426 1489 497 1532 ipse
516 1486 613 1522 meis.
634 1501 651 1517 »

312 1555 341 1586 7.
361 1541 465 1574 Unus.
484 1539 553 1573 Ibis
570 1552 577 1573 :
597 1538 650 1573 vel
669 1551 775 1583 quem
789 1538 953 1583 deinceps

271 1593 378 1628 Ibidis
394 1593 543 1627 nomine
560 1592 701 1627 notabo.
743 1619 745 1621 .

313 1647 343 1681 8.
363 1647 520 1680 Tilulum.
535 1644 589 1678 De
604 1657 674 1689 quo
688 1644 743 1678 ΙΙΙ
755 1643 798 1679 de
814 1644 950 1688 Ponto,

223 1727 227 1731 .
272 1698 369 1742 Eleg.
387 1707 439 1740 1v,
457 1710 505 1730 vs.
524 1697 562 1730 13
579 1709 586 1730 :
606 1710 623 1725 κ
644 1695 787 1728 Viribus
803 1694 950 1738 infirmi,

268 1757 384 1785 vestro
392 1749 544 1784 candore
552 1747 719 1782 valemus:
729 1746 853 1791 Quem
865 1746 951 1781 mihi

268 1801 296 1835 si
313 1800 450 1843 demas,
468 1799 586 1834 omnia
598 1807 695 1843 rapta
708 1806 841 1843 putem.
855 1813 872 1828 υ
920 1801 929 1813 ’

313 1868 344 1901 9.
369 1855 496 1889 Nomen
512 1854 626 1886 adhuc
640 1859 808 1896 utcunque
824 1853 952 1886 tacebo.

271 1906 460 1942 Neminem
487 1904 724 1949 interpretum
753 1904 950 1938 observasse

270 1958 371 1994 video
387 1970 488 2001 ‚-cur
511 1956 663 1991 Ovidius
689 1955 796 1990 Ibidis
816 1967 950 1989 nomen

267 2011 482 2048 subticuerit.
496 2012 552 2045 An
564 2037 573 2054 ,
584 2024 629 2044 ne
640 2011 852 2046 carminibus
865 2010 952 2045 Ovi-

268 2064 380 2101 dianis
402 2064 470 2099 Ibis
494 2064 758 2104 inclaresceret;
787 2063 823 2097 in
843 2076 949 2108 quam

266 2117 481 2155 sententiam
497 2115 669 2156 eundem,
688 2116 725 2150 ni
744 2116 867 2159 fallor,
886 2115 950 2149 ad-

266 2169 434 2215 loquitur,
450 2169 507 2202 lib.
525 2168 579 2203 1V
598 2181 639 2202 ex
655 2168 772 2202 Ponto
784 2194 793 2211 ,
818 2168 871 2202 ΕΙ.
888 2178 945 2213 lv,

267 2236 312 2259 vs.
330 2236 342 2257 1
357 2234 404 2266 sq.
420 2222 488 2255 Vix
505 2228 622 2255 tamen
637 2228 688 2254 est
702 2247 711 2263 ‚
731 2227 770 2254 ut
784 2219 858 2254 haec
871 2219 948 2253 fue-

264 2276 309 2310 rit
322 2288 422 2309 mens
433 2281 557 2319 poetae,
571 2273 752 2317 quoniam,
768 2280 946 2317 postremo

264 2325 412 2362 disticho
428 2325 533 2370 hujus
549 2324 673 2367 libelli,
699 2337 822 2358 verum
840 2323 946 2358 Ibidis

263 2390 397 2412 nomen
421 2377 613 2422 pollicetur.
640 2377 697 2410 An
722 2377 814 2410 Naso
839 2387 946 2409 reve--

263 2430 378 2464 rentia
405 2429 489 2474 legis
517 2428 703 2463 duodecim
728 2427 942 2462 Tabularum

262 2481 325 2517 sibi
349 2482 558 2525 temperavit
576 2507 584 2523 ,
611 2493 679 2525 qua
696 2480 865 2514 nimirum
882 2479 944 2512 fa-

262 2545 379 2567 mosos
387 2532 519 2566 libellos
530 2532 700 2576 projicere
712 2530 854 2576 capitale
868 2529 943 2563 suit.

264 2587 352 2631 Ejus
365 2584 528 2620 meminit
540 2584 698 2626 Tullius,
717 2584 774 2617 lib.
789 2584 839 2617 IV
853 2582 945 2616 Tus-

261 2639 375 2674 culau.
399 2638 434 2671 in
460 2637 555 2671 bunc
577 2635 722 2669 modum
745 2649 752 2669 :
774 2649 791 2664 «
815 2634 944 2678 *Quan-

261 2702 368 2735 quam
390 2689 424 2723 id
451 2688 594 2733 quidem
621 2687 726 2721 etiam
754 2686 940 2720 duodecim

259 2741 405 2778 Tabulae
422 2741 622 2783 declarant,
646 2739 750 2774 condi
774 2739 844 2783 jam
864 2746 940 2773 tum

258 2794 399 2827 solitum
426 2805 568 2829 carmen
589 2819 597 2835 ,
627 2790 719 2837 quod
750 2803 795 2824 ne
818 2791 941 2829 liceret

1018 1175 1095 1211 fieri
1111 1174 1153 1210 ad
1169 1175 1310 1210 alterius
1326 1175 1493 1221 injuriam
1503 1201 1513 1220 ,
1526 1176 1602 1222 lege
1617 1189 1700 1212 san·

1017 1234 1154 1262 xerunt.
1174 1241 1191 1257 υ

1065 1291 1113 1313 ιο.
1137 1280 1230 1313 Tela.
1247 1278 1698 1324 Imprecatioues.—laad-

1017 1337 1131 1364 suetas
1146 1343 1277 1365 manus.
1297 1331 1394 1375 Quia
1408 1332 1591 1368 neminem
1607 1345 1699 1378 prae-

1019 1389 1073 1416 ter
1090 1382 1226 1417 Ibidem
1245 1382 1400 1416 carmine
1419 1382 1582 1421 offendit.

1066 1447 1079 1467 1
1087 1449 1115 1469 2.
1128 1435 1264 1468 Exsilio
1278 1435 1450 1469 delituisse
1459 1448 1539 1471 meo.
1552 1437 1619 1472 Suo
1629 1437 1654 1472 J
1655 1450 1699 1472 u·-

1018 1485 1085 1520 reti
1110 1485 1219 1522 codex
1245 1493 1280 1521 et
1299 1486 1354 1522 alii
1379 1488 1533 1534 quinque
1548 1502 1558 1530 ;
1581 1501 1696 1534 neque

1019 1537 1119 1575 aliter
1130 1539 1306 1586 Eutyches
1318 1566 1327 1583 ,
1343 1539 1402 1575 lib.
1414 1541 1470 1585 11,
1489 1541 1548 1587 qui
1561 1549 1597 1577 et
1606 1554 1698 1588 prae·

1018 1589 1158 1625 cedenti
1184 1604 1286 1626 versu
1306 1593 1440 1635 gelidas
1457 1594 1637 1638 Aquilonis
1651 1596 1704 1629 ad

1017 1657 1096 1678 oras
1112 1645 1276 1690 agnoscit.
1298 1645 1432 1681 Hssms.

1066 1698 1115 1739 14.
1123 1698 1248 1731 -Jactat
1257 1703 1293 1731 et
1301 1699 1337 1731 in
1352 1702 1421 1731 toto
1436 1701 1573 1732 nomina
1581 1705 1698 1735 nostra

1007 1747 1098 1792 soro.
1119 1751 1228 1783 Verba
1237 1752 1364 1783 canina
1382 1749 1524 1794 plurimi
1539 1749 1674 1785 codices
1685 1777 1695 1794 ‚
1747 1760 1750 1767 ¹

1017 1801 1053 1835 in
1068 1801 1192 1845 quibus
1202 1808 1237 1834 et
1246 1800 1362 1835 Jureti
1373 1801 1468 1835 liber.
1481 1802 1591 1842 Puto:
1603 1816 1620 1831 ει
1631 1802 1697 1836 La-

1017 1860 1085 1888 trat
1102 1859 1136 1887 et
1153 1852 1190 1886 in
1209 1858 1284 1886 toto
1298 1852 1402 1886 verba
1416 1853 1542 1886 canina
1557 1852 1637 1887 foro
1650 1879 1660 1897 ,
1676 1868 1695 1883 »ι

1017 1905 1081 1940 nisi
1092 1905 1200 1940 mavis
1212 1918 1220 1940 z
1235 1919 1252 1934 «
1269 1905 1315 1939 Et
1328 1905 1453 1940 lacerat
1465 1912 1539 1940 toto
1551 1906 1696 1940 nomina

1015 1965 1134 1992 nostra
1157 1956 1256 1998 soro;
1278 1972 1295 1987 »
1321 1970 1367 1991 ne
1393 1957 1488 1992 idem
1510 1971 1629 1993 versus
1643 1957 1695 1993 bis

1015 2011 1185 2047 obcurrat.
1198 2010 1285 2045 Mox
1296 2010 1392 2045 enim
1407 2010 1562 2045 babebis:
1577 2025 1594 2041 «
1613 2010 1696 2045 Per·

988 2082 991 2085 *
1014 2063 1100 2098 bibit
1111 2062 1192 2098 inde
1201 2075 1272 2098 suae
1283 2062 1415 2097 rabiem
1430 2062 1576 2097 nutricis
1586 2061 1695 2097 alum-

1013 2127 1099 2157 nus,
1120 2114 1239 2149 Latrat
1255 2121 1290 2148 et
1307 2114 1341 2147 in
1362 2120 1435 2148 toto
1449 2114 1554 2148 verba
1569 2113 1694 2148 canina

1013 2165 1115 2209 soro,
1137 2181 1153 2195 »
1180 2178 1382 2211 quanquam
1409 2165 1495 2199 mihi
1521 2164 1693 2200 distichon
1754 2182 1758 2184 *

1012 2217 1104 2253 istud
1116 2217 1230 2252 dubiae
1242 2211 1322 2251 {idei
1336 2225 1402 2261 est,
1416 2224 1449 2252 et
1464 2231 1505 2252 ex
1516 2216 1581 2251 hoc
1590 2229 1693 2251 versu

1012 2270 1151 2304 videtur
1168 2269 1387 2304 fabricatum.
1406 2268 1548 2303 Rabulae
1566 2267 1690 2303 foren-

1010 2334 1063 2356 ses
1075 2322 1200 2356 latrare
1213 2321 1431 2364 dicebantur,
1450 2327 1594 2365 propter
1602 2321 1691 2355 rixas

1011 2374 1218 2413 continuas;
1247 2373 1328 2407 hinc
1352 2372 1587 2418 latratussori
1597 2372 1690 2417 apud

1013 2426 1090 2459 Val.
1110 2426 1201 2459 Max.
1218 2424 1382 2466 lib.V111,
1399 2436 1471 2469 cap.
1488 2424 1518 2458 3.
1533 2423 1690 2458 Pruden-

1011 2477 1307 2521 tius'Hamartig.‹1
1323 2475 1539 2510 ludecanina
1552 2475 1631 2509 foro
1648 2475 1690 2510 la—
1724 2518 1728 2523 ι

1010 2536 1078 2563 trat
1093 2528 1255 2563 facundia
1269 2534 1352 2561 toto.
1365 2541 1381 2556 υ
1399 2527 1445 2561 Η.
1460 2526 1518 2561 Sic
1529 2526 1690 2561 Julianus

1009 2582 1046 2615 in
1062 2581 1293 2625 Misopogone
1310 2592 1317 2613 ε
1332 2584 1422 2615 Οὕτω
1442 2583 1478 2619 δὴ
1497 2585 1549 2614 και·
1564 2581 1648 2624 ὑμεῖς
1662 2579 1690 2612 ἕν

1009 2641 1076 2671 ταῖς
1093 2633 1215 2681 ἀγοραῖς
1232 2632 1393 2680 ἔπιτρίέιτε
1415 2634 1622 2678 λοιοᾋροὺντες.

1056 2687 1105 2719 15.
1130 2685 1300 2718 sociatam
1317 2689 1381 2717 etc.
1403 2682 1565 2717 Uxorem
1585 2679 1684 2723 dicit,

1008 2750 1112 2782 quarn
1129 2736 1172 2771 ad
1187 2743 1385 2770 extremum
1403 2748 1510 2779 usque
1523 2734 1616 2768 diem
1627 2733 1687 2767 ad—

1007 2789 1176 2834 probavit.
