1794 3100
276 216 363 272 410
604 210 922 260 NOTITIA
952 216 1353 261 LITERARIA

274 309 522 364 Argumentis
547 324 557 348 ι
586 324 657 349 nec
680 324 760 349 non
782 309 1025 361 tropologica
1049 310 1318 351 nonnullarum
1338 310 1564 352 Fabulam
1582 325 1695 353 euw-

275 377 424 416 ratione
446 375 551 414 Petri
572 375 744 424 Lavinii‚
763 382 836 414 etc.
867 375 914 413 In
945 375 1019 415 fine
1043 390 1052 414 ι
1083 393 1111 410 ‹1›
1128 377 1356 427 Impressum
1387 377 1461 418 fuit
1487 378 1564 418 boc
1597 382 1694 433 opus

274 443 453 498 Lugduni
478 442 655 493 impensis
683 441 837 481 honesti
864 442 937 482 viri
961 443 1148 483 Johannis
1165 443 1339 484 Robioni
1360 473 1373 494 ‚
1400 459 1502 486 anno
1534 446 1694 486 Domini

275 507 476 547 millesimo
505 506 651 546 decimo
681 506 796 546 tertio
820 507 926 556 (sic)
946 535 957 555 .,
982 515 1112 560 quarta
1137 508 1197 547 die
1230 509 1477 563 Septembris.
1505 526 1526 545 n
1549 509 1695 550 in-fol.
1756 534 1758 537 ·

276 595 330 604 —
353 575 510 621 Panzer,
533 581 626 612 tom.
651 574 734 612 VII
751 601 763 621 ‚
788 587 871 628 pag.
889 571 981 620 304.

332 639 695 690 Metamorphoseon
717 638 803 677 libri
828 653 915 678 cum
932 646 1134 679 comment.
1144 640 1267 691 Raph.
1282 641 1408 695 Regii.
1426 642 1465 680 V
1459 642 1611 688 metii&
1629 655 1698 694 per

277 708 463 748 Joannem
486 707 693 746 Tac-uinum
707 706 754 746 de
778 706 951 745 Tridino.
968 706 1096 746 in-fol.
1108 708 1322 756 ——Panzer‚
1337 717 1365 748 t.
1382 710 1488 749 VIII
1501 724 1562 761 ‚p-
1576 707 1670 756 412.

332 775 392 813 De
416 772 606 812 Tristibus
629 771 716 811 libri
735 771 905 826 quinque
928 772 1053 813 denuo
1077 774 1200 814 revisi.
1230 776 1277 813 In
1297 774 1372 815 fine
1391 790 1400 815 :
1427 794 1447 812 u
1467 777 1698 827 lmpressum

277 839 438 878 Viennae
461 837 669 878 Pannoniae
692 852 806 889 opera
828 838 990 877 Hieron.
1009 837 1176 877 Victoris
1199 846 1238 877 et
1256 841 1320 880 Jo.
1340 839 1534 894 Singrenii
1553 839 1699 881 calco-

280 905 522 960 graphorum.
547 903 731 955 Impensis
748 917 840 942 vero
862 902 1052 942 Leonardi
1069 911 1106 941 et
1127 904 1243 944 Lucae
1255 904 1439 944 Alantsee
1455 905 1614 950 ‘fratrum
1634 904 1701 945 bi-

282 969 543 1020 bliopolarum.
566 969 719 1008 Civium
734 967 1010 1008 Viennensium
1030 968 1232 1009 undecimo
1258 970 1441 1010 Calendas
1461 970 1704 1013 Novembris·

282 1034 400 1074 Anno
417 1037 475 1074 M.
493 1036 546 1074 D.
569 1036 675 1073 XIII
691 1062 702 1083 ,
726 1042 797 1074 etc.
824 1052 843 1068 »
868 1032 990 1081 in-40.
1007 1056 1062 1064 —
1080 1035 1220 1074 Panzer
1234 1064 1245 1083 ‚
1271 1044 1364 1076 tom.
1388 1037 1452 1076 IX
1469 1066 1481 1087 ‚
1502 1051 1588 1092 pag.
1615 1036 1677 1077 18.

334 1102 535 1139 Fastorum
557 1099 644 1138 libri
666 1114 729 1139 sex
755 1097 1043 1152 diligentissime
1068 1097 1268 1154 recogniti.
1302 1101 1450 1142 Addito
1481 1101 1705 1143 Calendario

281 1167 459 1206 Romano
482 1165 706 1206 venerandae
725 1164 919 1205 vetustatis
937 1193 948 1211 .,
974 1180 1166 1219 nunquam
1192 1167 1514 1224 anteajmpresso.
1542 1166 1590 1210 In
1602 1167 1702 1208 fine:

285 1252 304 1268 «
325 1235 555 1285 Impressum
578 1233 739 1272 Viennae
761 1231 969 1271 Pannoniae
989 1246 1056 1285 per
1075 1232 1238 1272 Hieron.
1261 1233 1458 1274 Victorem
1473 1242 1512 1275 et
1526 1236 1591 1275 Jo.
1609 1233 1702 1274 Sin-

280 1299 465 1354 grenium.
493 1299 678 1350 Expensis
699 1312 791 1339 vero
817 1296 1003 1336 Leonardi
1023 1297 1184 1337 Alantse
1200 1299 1335 1352 quinto
1355 1301 1486 1339 Nonas
1509 1298 1706 1340 Octobris.

281 1364 401 1404 Anno
421 1365 501 1404 Dni
521 1366 728 1404 MDXIII.
748 1381 771 1400 >2
794 1361 1127 1409 in—4⁰.—Panzer
1145 1362 1236 1402 ibid.
1251 1365 1370 1404 Denis
1393 1365 1455 1405 W
1450 1366 1530 1404 iens
1548 1363 1704 1403 Buchdr

288 1431 426 1470 Gesch.
446 1446 530 1487 pag.
551 1446 617 1486 9⁰·

335 1499 533 1537 Fastorum
561 1496 647 1536 libri
669 1511 731 1536 sex
749 1526 760 1545 .,
786 1513 870 1537 cum
903 1500 1134 1553 argumentis
1162 1499 1202 1537 in
1224 1496 1408 1536 librorum
1430 1495 1611 1548 capitibus
1628 1496 1703 1535 ad·-

283 1563 384 1603 ditis.
413 1563 554 1616 Lipsz'oe
567 1592 578 1611 ‚
607 1577 677 1616 per·
709 1564 919 1604 Martinam
951 1566 1269 1618 Herbipolensem.
1305 1561 1433 1610 in-4,⁰-
1461 1584 1517 1593 —-
1534 1563 1674 1602 Panzer
1691 1588 1704 1609 ‚

283 1638 377 1669 tom.
400 1630 485 1669 VII
501 1658 512 1676 ‚
543 1644 627 1684 pag.
653 1627 740 1668 180.

337 1696 382 1733 P.
407 1695 459 1734 Ο.
483 1696 535 1734 N.
565 1695 660 1734 liber
684 1695 729 1734 de
756 1696 876 1736 tribus
908 1695 1056 1747 puellis.
1081 1694 1242 1734 Ovidius
1266 1693 1311 1733 de
1333 1693 1453 1747 sagaci
1478 1692 1638 1740 nuncio3
1661 1692 1708 1732 de

286 1761 433 1800 Pulice.
453 1761 672 1815 Pamphilus
695 1762 742 1801 de
770 1778 909 1803 amore.
932 1761 1094 1803 Ovidius
1119 1760 1164 1800 de
1184 1774 1340 1799 nummo
1354 1787 1365 1808 ‚
1387 1759 1433 1798 de
1463 1760 1624 1807 cuculo,
1665 1758 1712 1798 de

285 1835 429 1867 ventre.
452 1827 624 1878 Epistola
646 1829 823 1867 amatoria
847 1844 866 1868 a
888 1828 1085 1868 meretrice
1108 1825 1333 1875 conscripta.
1358 1824 1531 1875 Epistola
1560 1824 1606 1863 de
1633 1824 1710 1865 vita

286 1892 429 1934 Ovidii.
450 1891 564 1932 1'513.
582 1892 706 1940 in-4⁰.
731 1910 760 1933 s.
778 1894 803 1933 l.
828 1902 866 1933 et
883 1902 1036 1947 typogr.
1048 1893 1264 1938 -Panzer‚
1278 1898 1372 1931 tom.
1387 1890 1449 1929 IX
1465 1918 1477 1938 ‚
1503 1903 1589 1944 pag.
1615 1904 1630 1928 1
1642 1888 1707 1929 13.

341 1961 544 2000 Orationes
568 1960 763 2000 familiares
787 1969 824 1999 et
839 1959 1112 2014 elegantissime
1133 1973 1177 1997 ex
1195 1957 1369 1998 omnibus
1385 1958 1429 1997 P.
1453 1957 1583 2001 Ovidii
1603 1956 1709 1997 libris

288 2025 460 2064 formate.
488 2025 593 2074 Quin
615 2025 726 2065 etiam
748 2039 876 2065 versus
905 2025 1044 2079 integri
1070 2031 1204 2064 notatu
1232 2022 1338 2078 digni
1363 2022 1531 2076 ejusdem
1551 2029 1677 2072 poetae
1694 2049 1710 2070 ‚

288 2105 373 2129 cum
398 2091 635 2144 expositione
667 2091 937 2131 vocabulorum
971 2089 1087 2143 magis
1124 2088 1332 2129 difficilium
1359 2102 1427 2139 per
1450 2090 1711 2128 Hermum

288 2156 578 2195 Torrentinum.
602 2158 649 2195 In
671 2156 745 2197 fine
766 2172 774 2194 :
795 2173 819 2192 «
833 2158 1017 2207 Impresse
1035 2155 1199 2196 Colonie
1218 2169 1284 2206 per
1297 2154 1506 2198 Martinum
1521 2153 1567 2193 de
1578 2153 1709 2192 War-

289 2222 406 2270 dena,
431 2230 503 2262 etc.
533 2222 652 2262 Anno
669 2222 829 2262 Domini
856 2225 915 2261 Μ.
938 2222 1115 2262 CCCCC.
1141 2224 1260 2262 XIII.
1278 2241 1298 2258 υ
1323 2221 1448 2270 in-40.
1465 2244 1520 2252 —-
1542 2222 1682 2262 Panzer
1696 2249 1710 2270 ‚

289 2294 383 2326 tom.
406 2287 469 2325 XI
486 2315 497 2335 ‚
516 2301 602 2340 pag.
626 2285 719 2342 396.

944 2352 1060 2401 1514.

342 2441 387 2479 Ρ.
424 2441 474 2480 O.
497 2442 549 2480 N.
578 2440 798 2492 praeclarum
833 2455 927 2491 opus
960 2441 1005 2479 de
1030 2455 1133 2480 novo
1165 2439 1391 2490 impressum
1412 2466 1424 2487 ‚
1452 2445 1491 2476 et
1518 2451 1539 2476 a
1565 2435 1710 2476 mendis

291 2506 510 2560 castigatum
528 2536 539 2556 ‚
565 2523 639 2547 una
658 2522 744 2547 cum
761 2507 891 2562 figuris
912 2515 1086 2547 ornatum
1100 2535 1111 2554 ‚
1134 2505 1174 2544 in
1195 2519 1272 2558 quo
1295 2504 1542 2545 continentur
1562 2503 1602 2542 hi
1624 2499 1710 2541 libri

292 2573 462 2626 partiales
482 2590 489 2611 ;
507 2575 620 2613 Liber
642 2575 855 2614 Heroidum
877 2574 1081 2625 Epistolar.
1098 2573 1192 2612 liber
1207 2573 1382 2626 Sapphus
1400 2600 1412 2620 ,
1434 2571 1527 2611 liber
1542 2570 1583 2609 in
1603 2569 1709 2616 Ibin,

293 2654 377 2678 cum
397 2641 631 2690 expositione
651 2641 796 2696 vulgari
830 2641 924 2680 Ant.
951 2641 1080 2680 Volsci
1098 2669 1109 2690 ‚
1131 2639 1311 2680 Ubertini
1340 2637 1481 2678 Clerici
1517 2637 1713 2676 Crescent.

293 2705 454 2747 Domitii
473 2706 664 2747 Calderini
685 2716 723 2747 et
743 2708 832 2747 Jod.
848 2708 955 2747 Badii
970 2707 1213 2761 singularium
1234 2707 1494 2759 interpretum.
1510 2720 1530 2738 a
1548 2703 1713 2743 Venun-
