1794 3100
551 222 681 266 PER
713 223 756 265 J.
792 221 1095 265 MASSON.
1456 221 1535 282 137

116 339 140 360 n
167 315 286 383 quod
309 314 479 382 p'rimus
505 314 736 363 aedificavit
754 313 975 362 Hostilius
994 332 1083 362 rex.
1108 335 1130 355 »
1164 314 1262 360 Hoc
1287 331 1418 360 sensu
1438 332 1543 379 pas-

115 393 199 444 sim
219 390 339 460 apud
361 391 571 457 antiquos
595 390 707 439 curia
728 391 845 439 vet'tit
867 410 950 458 pro
966 391 1067 440 loco
1083 428 1094 448 ‚
1114 389 1195 438 ubi
1215 401 1389 438 senatus
1407 390 1544 438 habe-

114 471 270 527 batur,
295 480 339 518 et
362 468 569 518 translate
594 488 678 535 pro
699 468 801 536 ipso
828 481 1006 518 senatus
1041 487 1116 518 seu
1140 480 1317 534 patrum
1351 468 1544 516 conscri-

111 560 294 616 ptorum
325 564 523 615 corpore.
563 549 768 596 Disertus
805 559 872 596 est
907 547 1106 595 Suetonii
1144 545 1268 594 locus
1306 552 1316 570 ¹
1356 545 1408 594 de
1447 547 1545 593 Au-

113 639 244 691 gusto
268 626 466 687 scribens
488 647 497 674 :
525 649 547 669 «
573 626 748 674 Liberis
776 638 1026 674 senatorum
1044 663 1055 683 ,
1083 644 1172 692 quo
1193 624 1377 673 celerius
1398 623 1546 690 reipu-

117 727 140 747 »
166 703 293 753 blieae
315 716 641 762 assuescerent,
665 704 872 792 protinus
895 703 1065 752 virilem
1091 716 1238 766 togam
1257 740 1269 759 ,
1295 701 1431 750 latum
1463 699 1548 749 cla-

116 805 138 824 »
168 803 270 832 vum
294 783 502 841 induere,
527 794 572 831 et
600 781 730 830 curiae
752 782 983 840 interesse,
1008 781 1233 849 permisit,
1257 792 1336 828 etc.
1369 803 1394 823 »
1429 779 1546 828 Hinc

113 863 231 930 apud
255 863 519 919 Horatium;
542 861 621 910 lib.
647 863 716 920 ΙΙ,
744 861 830 910 Od.
858 874 905 919 Ι,
934 880 1046 910 vers.
1081 859 1135 907 13
1162 872 1205 908 et
1234 860 1322 920 14:

421 939 562 1007 Insigne
580 960 710 996 moestis
727 959 925 1006 praesidium
943 959 1033 1002 reis,

464 1021 512 1056 Et
527 1020 725 1056 consulenti
742 1020 855 1055 Pollio
875 1019 1003 1055 Curiae.

123 1101 184 1148 Et
205 1100 394 1159 Noster,
421 1117 477 1147 ne
501 1098 652 1165 plures
674 1099 896 1165 proferam
930 1109 1089 1156 testes,
1114 1098 1233 1145 Sext.
1258 1097 1520 1163 Pompeium
1538 1134 1549 1154 ,

121 1196 252 1243 quem
273 1175 501 1226 consulem
523 1177 738 1243 proximis
763 1176 964 1226 kalendis
982 1175 1309 1240 augurabatur,
1335 1193 1388 1223 ex
1417 1175 1554 1244 Pont3

116 1253 195 1302 lib.
221 1255 301 1313 IV,
327 1254 470 1322 Epist.
497 1267 571 1313 IV,
600 1274 710 1303 vers.
738 1253 798 1301 35
824 1267 867 1303 et
892 1254 953 1302 36
975 1276 984 1302 :

341 1355 442 1389 Curia
459 1360 493 1388 te
512 1353 677 1399 excipiet,
691 1359 877 1399 patresque
896 1367 914 1388 e
936 1366 1036 1388 more
1055 1353 1178 1388 vocati.

379 1413 574 1450 Intendent
594 1427 696 1450 aures
713 1414 757 1449 ad
775 1421 835 1449 tua
850 1415 957 1449 verba
971 1427 1058 1449 suas.

117 1494 250 1556 Item,
274 1492 443 1541 Fastor.
472 1492 549 1540 lib.
584 1494 655 1551 ΙΙ,
681 1504 733 1541 ut
757 1492 1044 1557 significaret,
1071 1494 1327 1556 Augustum
1351 1510 1375 1539 a
1406 1490 1552 1539 tribus

117 1569 350 1619 ordinibus
366 1608 378 1629 ,
403 1569 573 1638 populo
590 1608 601 1629 ‚
627 1583 781 1620 senatu
799 1609 810 1629 ,
838 1583 879 1619 et
903 1571 1153 1637 equitibus,
1170 1571 1304 1637 patris
1318 1569 1470 1636 patrioe
1488 1569 1552 1616 ti-

117 1648 211 1698 tulo
235 1649 487 1699 decoratum
513 1668 627 1708 esse,
649 1651 710 1700 ait
732 1670 842 1700 vers.
876 1668 962 1717 127
986 1671 996 1699 :

334 1750 463 1785 Sancte
477 1757 578 1795 pater
586 1750 731 1795 patrz’ae!
749 1750 810 1786 tibi
828 1761 956 1796 rmus,
979 1750 1041 1785 tibi
1059 1759 1176 1785 cunm
1193 1762 1311 1785 nomen

377 1812 457 1846 Hoc
474 1811 589 1855 dedit,
609 1811 675 1847 hoc
693 1811 854 1847 dedimus
869 1824 934 1846 nos
952 1811 1014 1846 tibi
1031 1823 1165 1845 nomen
1186 1820 1314 1853 EQUES.

183 1894 241 1941 II.
265 1894 410 1957 Igitur
430 1913 567 1961 quum
587 1893 776 1943 Ovidius
799 1913 921 1960 spem
945 1905 1122 1943 senatus
1144 1904 1301 1959 sponte
1322 1891 1550 1956 abjiceret,

122 1967 258 2016 latum
273 1989 452 2037 quoque
467 1969 636 2019 clavum
649 2009 660 2028 ,
674 1971 804 2019 istius
816 1971 1010 2037 supremi
1028 1970 1196 2018 ordinis
1209 1969 1381 2032 insigne
1395 2006 1406 2026 ‚
1421 1967 1553 2026 exuit,

118 2065 168 2094 ac
199 2059 436 2110 angustum
471 2047 640 2097 olavum
675 2049 902 2115 equitibus
939 2050 1172 2115 proprium
1206 2048 1352 2096 induit
1365 2085 1377 2105 ,
1403 2047 1553 2113 sicque

119 2124 226 2173 clavi
239 2143 427 2173 mensura
444 2136 583 2174 coacta
601 2137 661 2175 est
673 2147 690 2182 ;
713 2139 756 2175 et
776 2128 952 2194 quidem
973 2128 1052 2176 otii
1071 2123 1242 2176 tantum
1260 2146 1407 2176 amore
1425 2165 1436 2180 ,
1460 2146 1554 2174 non
1591 2188 1593 2190 q

118 2222 221 2252 vero
242 2223 382 2252 census
406 2205 612 2252 senatorii
639 2205 825 2254 defectu.
853 2208 899 2256 Is
922 2219 1064 2255 autem
1093 2218 1345 2255 senatorum
1365 2224 1522 2254 census
1539 2242 1549 2262 ‚

117 2281 282 2348 (quem
301 2280 454 2347 paucis
473 2299 692 2347 exponere
711 2302 803 2330 non
823 2283 906 2332 erit
924 2284 1004 2333 abs
1023 2284 1104 2348 re)
1125 2284 1437 2350 octingentorum
1457 2283 1553 2330 mil-

116 2356 216 2404 lium
234 2357 369 2406 suisse
395 2357 569 2405 videtur
589 2375 641 2405 ex
660 2358 873 2407 Suetonio
899 2366 915 2384 ⁹·
935 2398 947 2419 ,
971 2361 1112 2408 donec
1130 2363 1363 2424 Augustus
1377 2397 1388 2418 ,
1415 2379 1553 2426 quum

119 2434 249 2484 multi
285 2456 364 2502 per
390 2435 529 2494 bella,
554 2435 697 2485 civilia
728 2456 886 2504 nempe
902 2476 914 2497 ,
940 2439 1135 2505 paternis
1163 2438 1343 2506 spoliati
1365 2438 1554 2487 fuissent

116 2513 275 2572 bonis,
301 2514 358 2562 ad
378 2514 674 2581 quadringenta
695 2516 825 2564 millia
847 2517 1046 2566 eumdem
1076 2518 1320 2580 redegerit,
1343 2529 1395 2566 ut
1420 2516 1435 2542 ³
1463 2517 1550 2565 Dio

163 2633 174 2651 ¹
199 2631 242 2665 In
262 2630 350 2676 Aug.
365 2643 438 2676 cap.
454 2609 506 2666 38.

162 2693 178 2712 ²
201 2691 244 2726 ln
265 2690 355 2736 Aug.
370 2705 442 2738 cap.
460 2694 512 2736 41.

164 2751 178 2771 ³
201 2751 275 2787 Lib.
292 2753 375 2787 LIV
389 2779 398 2797 ,
416 2766 490 2799 pag.
514 2755 576 2789 532
590 2781 599 2799 ,
619 2757 691 2799 540.
