1794 3100
254 292 309 334 50
528 291 577 331 P.
619 290 853 334 OVIDII
890 287 1196 333 NASONIS
1229 291 1386 334 IBIS.

319 381 519 430 Membra
541 380 653 429 feras
677 380 836 446 Stygiae
858 380 1151 429 semicremata
1173 382 1269 429 rati.

254 462 366 508 Utve
390 459 530 506 Remo
554 477 705 506 muros
725 476 833 506 auso
858 458 1043 507 transire
1064 470 1284 515 recentes,

315 536 458 584 Noxia
482 536 572 583 sint
594 534 727 602 capiti
747 535 910 583 rustica
933 535 1015 583 tela
1040 547 1132 583 tuo.

249 612 453 678 Denique
468 651 479 670 ,
506 612 767 661 Sarmaticas
789 611 905 661 inter
929 613 1191 678 Geticasque
1216 612 1397 675 sagittas
1412 650 1423 671 ,

314 689 398 737 His
413 728 425 746 ,
451 709 632 756 precor,
658 702 708 737 ut
727 690 844 738 vivas
868 702 912 737 et
932 690 1117 738 moriare
1139 688 1263 737 locis.

1600 701 1668 746 640

249 768 354 815 Haec
376 767 458 814 tibi
481 767 692 833 tantisper
714 766 864 814 subito
889 766 978 814 sint
1001 766 1134 815 missa
1152 765 1331 823 libelto;
1392 819 1393 822 Ἰ

314 847 594 892 Immemores
619 863 674 892 ne
698 862 781 891 nos
807 862 898 892 esse
920 863 1099 910 querare
1121 844 1201 893 tui.

248 924 393 972 Pauca
417 922 614 989 quidem,
640 922 808 979 fateor3
836 922 911 970 sed
936 923 996 969 Di
1021 922 1126 970 dent
1142 920 1268 987 plura
1287 922 1472 983 rogatis,

313 997 704 1064 Multiplicentque
727 1017 808 1046 suo
831 1009 932 1045 vota
953 997 1101 1045 favore
1123 1016 1231 1045 mea.

248 1075 492 1124 Postmodo
515 1074 644 1140 plura
666 1073 783 1136 leges
797 1111 809 1131 ,
835 1085 878 1122 et
900 1092 1061 1121 nomen
1083 1073 1290 1122 habentia
1310 1091 1457 1135 verum
1475 1100 1490 1131 ,-

1602 1088 1668 1134 645

313 1156 372 1201 Et
393 1153 504 1219 pede
519 1191 530 1205 ‚
558 1172 647 1219 quo
674 1152 838 1200 debent
861 1152 974 1200 acria
995 1151 1113 1226 bella
1138 1152 1242 1215 geri.

246 1275 347 1314 pater
365 1266 496 1303 Clinias
513 1267 624 1302 dictus
639 1267 718 1302 fuit.
738 1266 848 1302 Periit
863 1280 927 1301 au-

245 1329 320 1356 tem
343 1321 381 1355 in
407 1320 535 1365 oppido
561 1320 714 1365 quodam
739 1319 902 1367 Phrygiae
916 1346 925 1364 ,

244 1372 458 1407 circumdata
469 1372 595 1417 domo,
608 1372 645 1406 in
658 1385 724 1417 qua
733 1379 808 1406 erat
817 1398 826 1415 ‚
839 1371 926 1417 igni-

245 1425 329 1467 bus,
357 1436 467 1469 quum
483 1424 506 1457 ii
524 1423 581 1468 qui
602 1436 621 1457 a
639 1422 862 1457 Pharnabazo
883 1421 927 1456 ad

246 1476 534 1513 interficiendum
559 1476 658 1510 illum
684 1475 779 1510 missi
803 1481 903 1509 erant
916 1502 924 1515 ,

245 1528 344 1564 ferro
358 1528 499 1574 aggredi
510 1541 584 1563 nou
597 1527 788 1568 auderent;
806 1534 926 1562 aucto·

246 1593 301 1616 res
313 1581 407 1616 Plut.
422 1588 458 1616 et
474 1579 649 1615 AEmilius.
669 1579 806 1614 Micn.
879 1607 881 1609 .

289 1633 365 1668 636.
381 1634 502 1679 Stygia·
514 1635 597 1667 neci.
610 1634 696 1667 Rati
708 1644 749 1666 ex
764 1631 929 1666 Politiani

245 1682 347 1720 libro.
364 1685 498 1721 Hnrns.

279 1738 366 1774 638.
376 1740 522 1773 Bustica
532 1740 609 1773 tela.
621 1738 789 1781 Rutrum,
802 1736 856 1771 vel
870 1750 927 1770 ra-

249 1797 361 1825 amun
377 1790 541 1835 intelligo.
557 1791 650 1824 ZAlt.

290 1849 366 1891 643.
391 1851 519 1888 Pauca,
532 1851 662 1893 quidem
674 1875 682 1889 ,
705 1849 842 1892 saleor;
866 1849 931 1881 a'ed

247 1903 300 1936 Di
318 1904 398 1936 dent
405 1904 504 1945 plura
520 1904 660 1944 roganti.
686 1900 804 1935 Scribe
821 1913 927 1943 roga-

247 1957 312 1994 lis,
344 1961 384 1987 ut
399 1953 443 1987 sit
462 1966 604 1996 sensus,
629 1951 690 1986 Dii
717 1952 815 1996 plura
837 1950 927 1984 mala

247 2005 333 2040 dent
343 2005 406 2039 tibi
417 2032 426 2048 ,
442 2017 545 2050 quam
558 2005 594 2039 in
610 2005 677 2039 hoc
690 2003 856 2048 opusculo
868 2015 927 2037 eos

249 2058 286 2093 iu
300 2066 335 2093 te
351 2059 557 2104 rogaverim.
571 2058 709 2093 Consi.
722 2058 928 2092 Faunus.—

250 2113 393 2154 Rogatis
408 2119 459 2146 est
472 2112 506 2146 in
519 2111 724 2155 quibusdam
741 2125 749 2151 ;
772 2111 808 2144 in
832 2110 903 2143 aliis
915 2135 925 2152 ‚

250 2169 389 2208 roganti.
409 2165 556 2200 zarotus
570 2171 687 2198 autem
701 2166 858 2208 precanti
867 2162 926 2196 le·-

991 1267 1039 1313 git
1056 1280 1063 1302 :
1080 1274 1237 1302 monstra
1253 1268 1373 1302 omnia
1391 1280 1398 1302 :
1416 1266 1595 1312 geminam
1609 1267 1667 1301 le-

989 1319 1144 1355 ctionem
1169 1319 1274 1353 habet
1299 1316 1474 1364 exemplar
1491 1317 1666 1355 Maffeia—

989 1384 1078 1406 num
1092 1378 1128 1405 et
1148 1370 1259 1405 ur‘ium
1276 1369 1500 1406 Bibliothecae.
1517 1369 1664 1407 Vatica-

990 1435 1044 1458 nae
1058 1450 1067 1467 ‚
1091 1436 1253 1468 rogamus.
1275 1420 1384 1467 Quod
1400 1421 1548 1456 verbum
1560 1433 1665 1466 quam

991 1475 1144 1521 adposite
1170 1474 1226 1510 hic.
1256 1474 1321 1517 sit,
1347 1479 1491 1519 propter
1516 1484 1666 1518 sequens

990 1542 1129 1564 carmen
1145 1555 1155 1571 ,
1179 1528 1255 1573 quis
1275 1535 1326 1563 est
1339 1553 1349 1570 ‚
1372 1527 1458 1572 quin
1474 1525 1591 1561 statim
1613 1525 1667 1560 νὶ-

923 1606 927 1614 .
991 1581 1097 1616 deat?
1115 1579 1220 1617 C10F.
1239 1581 1435 1626 Ego-uero,
1458 1580 1669 1614 Burmannow

991 1635 1204 1682 adprobante
1213 1661 1224 1679 ‚
1236 1643 1337 1669 servo
1346 1634 1473 1678 rogam·
1486 1644 1498 1674 ,·
1508 1638 1549 1666 ut
1559 1630 1666 1667 Trisi.

990 1687 1046 1723 lib.
1066 1689 1122 1731 11,
1142 1687 1331 1722 vers.·183:
1347 1700 1371 1719 ,ιι
1448 1685 1588 1730 Maiora
1603 1696 1667 1730 pe-

991 1740 1060 1775 titis
1076 1736 1252 1773 Credibile
1265 1744 1318 1773 est
1334 1749 1479 1782 magnos
1491 1748 1581 1781 soepe
1598 1733 1666 1769 ἀει-

991 1793 1077 1827 disse
1095 1792 1200 1826 Deos.
1221 1806 1238 1820 »
1345 1822 1348 1823 γ

1034 1844 1108 1886 646.
1121 1845 1167 1878 Et
1171 1844 1265 1886 pede,
1275 1855 1341 1887 qua
1349 1843 1469 1875 debant
1474 1842 1572 1874 acria
1578 1839 1667 1873 bella

987 1898 1068 1939 geri.
1091 1892 1259 1927 Carmine
1281 1892 1429 1926 iambico
1456 1897 1598 1925 utemur
1623 1887 1666 1923 ad

991 1945 1269 1981 maledicentiam
1284 1943 1421 1989 proprie
1436 1968 1445 1985 ,
1462 1941 1553 1976 utin
1569 1940 1668 1986 prin—
1693 1955 1695 1957 ·

990 2002 1080 2046 cipio
1097 2000 1216 2035 docuit
1227 2005 1329 2044 poeta
1338 2024 1346 2039 ‚
1360 1996 1420 2032 ubi
1429 1995 1512 2031 dicit
1526 2009 1543 2027 «
1556 1995 1666 2029 Post-

992 2054 1117 2095 modo,
1146 2052 1172 2087 si
1189 2050 1393 2096 pergesjin
1415 2055 1448 2083 te
1472 2046 1559 2082 mihi
1579 2045 1666 2080 liber

990 2107 1125 2141 iambus
1141 2105 1266 2139 Tincta
1278 2102 1475 2150 Lycambeo
1497 2097 1664 2144 sanguine

991 2159 1058 2194 tela
1074 2158 1178 2192 dabit.
1199 2171 1215 2186 »ι

757 2394 926 2427 ‘FINIS
956 2396 1128 2426 IBIDIS.
