1794 3100
256 248 341 292 290
699 222 1226 276 DEDICATIONES

256 324 543 383 contulimus,
568 338 618 372 ut
640 326 834 390 apertior
852 325 979 373 vobis
1003 337 1118 375 esset
1139 337 1183 375 et
1200 324 1373 392 planior
1390 325 1445 374 ad
1461 325 1671 379 Ovidiaui

255 404 465 454 carminis
485 403 818 469 explicationem
842 404 920 452 via.
950 405 1135 452 Habetis
1166 405 1311 453 brevis
1334 403 1473 454 libelli
1497 404 1673 454 brevem

258 480 632 549 praefatiunculam
654 501 663 528 :
688 500 783 547 quae
805 493 949 530 tamen
969 499 1120 529 vereor
1136 500 1190 529 ne
1209 482 1268 530 sit
1284 500 1410 548 aequo
1429 474 1670 548 prolikion

258 573 303 609 et
335 560 529 608 imitatus
551 558 772 607 existimer
795 558 933 608 malos
957 560 1237 617 architectos,
1263 571 1339 607 aut
1359 554 1506 626 inepte
1529 560 1672 609 ambi-

259 635 400 685 tiosos
417 646 568 701 >patres
590 634 774 685 familias
788 673 800 692 ‚
827 636 903 702 qui
925 655 978 684 ne
1001 636 1048 683 in
1070 655 1117 683 re
1138 647 1322 699 angusta
1344 631 1573 685 videantur
1594 654 1672 684 an-

259 723 384 775 guste
397 710 616 768 habitare,
632 710 868 777 aliquando
885 713 1029 778 parvis
1043 712 1211 760 aedibus
1231 724 1393 775 magna‘
1405 723 1674 779 praestruunt

255 785 484 838 vestibula.

389 989 462 1048 H.
512 991 844 1047 CIOFANI
867 1033 882 1059 ,
930 990 1537 1073 SULMONENSIS‚

565 1133 845 1167 PRAEFATIO
870 1133 923 1166 IN
949 1132 1332 1170 HALIEUTICON
1350 1158 1359 1176 ,

724 1252 997 1279 ltLUS'rRISSIMO
1019 1252 1153 1278 ABBATI
1165 1268 1174 1286 ,

479 1347 737 1391 JOANNI
772 1345 1127 1390 BAPTISTAE
1169 1321 1460 1390 A‘LBANo.
1530 1318 1537 1329 ”

325 1478 627 1524 DIFFICIIJOR
650 1492 777 1531 sane,
802 1491 851 1520 ac
878 1473 1149 1526 fructuosior
1170 1473 1394 1538 provincia
1424 1485 1510 1532 est,
1546 1493 1678 1540 quam

261 1552 418 1615 vulgus
442 1551 684 1607 existimat,
709 1550 826 1615 ejus,
862 1549 938 1616 qui
961 1550 1009 1597 in
1037 1561 1228 1598 veterum
1262 1561 1490 1597 auctorum
1522 1568 1678 1599 monn-⁶

262 1629 421 1679 mentis
443 1627 707 1694 purgandis,
729 1627 808 1675 sed
831 1646 921 1675 non
940 1626 1032 1675 sine
1057 1645 1229 1674 summo
1254 1625 1403 1688 gloriae
1425 1625 1678 1692 splendore,

263 1726 391 1756 omne
413 1725 541 1754 suum
558 1705 754 1753 studium
766 1724 816 1758 ae
833 1704 1104 1767 diligentiam
1119 1702 1310 1752 collocat
1325 1724 1336 1761 ·,
1358 1704 1493 1751 modo
1513 1703 1683 1770 aliquid

265 1783 545 1846 adgrediatur
560 1820 571 1841 ,
595 1801 645 1831 ac
670 1794 871 1849 praestet,
896 1782 1015 1848 quod
1039 1781 1229 1847 reipubl.
1266 1780 1464 1829 literariae
1493 1780 1678 1829 intersit.

267 1863 406 1929 quue
435 1862 605 1921 duabus
623 1862 903 1928 potissimum
922 1860 1169 1910 rationibus
1193 1859 1362 1907 efficere
1379 1869 1540 1925 potest.
1560 1860 1682 1923 Qua-

267 1959 365 1989 rum
388 1938 523 1998 altera
545 1950 610 1986 est
632 1958 642 1996 ;
690 1938 729 1985 si
758 1938 850 2002 ejus
876 1936 1023 2002 operis
1040 1974 1052 1995 ,
1085 1936 1205 2002 quod
1227 1935 1446 1985 illustrare
1480 1936 1681 1994 studeat,

266 2016 459 2084 priscum
477 2015 657 2086 aliquod
676 2014 894 2080 exemplar
910 2025 1065 2079 nactus
1084 2025 1178 2071 est,
1190 2013 1314 2078 cujus
1330 2032 1413 2080 ope
1426 2025 1556 2079 atque
1570 2013 1686 2062 auxi-

267 2092 328 2141 lio
352 2093 480 2157 nixus
495 2095 523 2150 ,''
541 2091 637 2139 loca
660 2091 850 2158 aliquot,
875 2093 909 2140 si
935 2091 1081 2139 minus
1106 2090 1279 2148 omnia,
1312 2109 1408 2157 quae
1429 2091 1475 2138 in
1495 2110 1547 2139 eo
1573 2102 1685 2141 tem—

263 2170 385 2235 poris
404 2170 515 2235 „vitio
539 2169 771 2236 depravata
794 2180 897 2216 sunt
913 2206 924 2226 ‚
948 2167 1132 2220 feliciter
1154 2169 1375 2227 emendet,
1401 2181 1530 2234 atque
1549 2170 1595 2217 in
1613 2170 1685 2217 in-

272 2262 442 2312 tegrum
464 2247 676 2307 restituat.
702 2247 852 2295 Altera
875 2266 976 2296 vero
998 2267 1008 2305 ;
1039 2248 1076 2296 si
1097 2247 1290 2312 ejusdcm
1315 2247 1484 2310 generis
1505 2245 1632 2304 libri,
1663 2267 1687 2296 a

274 2346 363 2393 quo
392 2326 571 2383 mendas
601 2325 768 2378 auferre
800 2338 1008 2381 conetur,
1036 2324 1254 2391 exemplar
1275 2325 1484 2391 scriptum
1519 2324 1689 2373 nullum

276 2403 493 2470 repperit,
518 2394 778 2467 conjecturis
798 2403 890 2466 ejus
914 2403 1168 2451 vulneribus
1185 2401 1443 2460 medicinam
1458 2401 1604 2450 faciat.
1624 2403 1689 2450 Ex

274 2482 345 2529 his
369 2479 632 2541 emendandi,
656 2478 1295 2547 rationibus„tutior=omnino
1318 2490 1364 2526 et
1384 2478 1528 2526 minus
1552 2479 1691 2527 audax

277 2559 401 2625 prior
415 2569 492 2604 est.
504 2612 506 2615 ι
519 2558 782 2622 Quanquam
803 2557 840 2603 si
860 2557 961 2622 quis
971 2570 1067 2613 est„
1080 2557 1154 2623 qui
1173 2557 1219 2610 in
1237 2568 1422 2622 utraque
1439 2576 1485 2604 re
1502 2555 1691 2622 aliquid,

281 2634 400 2701 quod
422 2633 651 2691 ,doc-torum
685 2633 911 2685 hominum
935 2635 1116 2683 auribus
1140 2634 1320 2696 dignum
1339 2633 1424 2690 sit,
1457 2631 1664 2680 moliatur
1680 2669 1691 2690 ,

279 2710 321 2773 is
336 2709 515 2772 summis
535 2719 582 2767 ‘et‘
604 2726 742 2774 prope
765 2709 925 2758 divinis
944 2709 1157 2760 laudibus.
1173 2708 1441 2758 adficiendus
1458 2718 1549 2766 es't232
1569 2708 1693 2773 cujus
