1794 3100
571 246 704 290 PER
738 247 781 290 J.
814 246 1124 291 MASSON.
1479 249 1563 292 203

284 360 289 371 ι
331 316 520 386 ‘Improba
538 335 671 385 pug‘nat
686 349 832 382 nnus,
855 339 1147 385 indignaturque,
1165 339 1260 386 quod
1279 338 1390 374 ausim

147 452 155 456 .
172 455 175 457 Β
399 400 579 453 Scribere,
597 414 633 436 se
650 400 777 447 rigidas
795 401 989 437 incutiente
1007 401 1131 436 minas.

138 490 202 538 Ut
219 499 466 538 BRUMALIS
481 500 578 536 LUX
602 486 718 535 idem
734 486 800 536 -sit
817 525 829 545 ‚
854 506 903 536 ac
929 499 1115 545 HYEMS‚
1141 505 1217 535 seu
1240 486 1437 554 hyemale
1463 498 1575 535 tem-

135 584 252 633 pus3
290 574 372 613 nec
405 564 556 613 stricte
588 564 735 612 veniat
765 563 1019 630 accipienda
1054 582 1137 630 pro
1166 562 1578 633 hybernasolslitim

139 641 510 710 quemadmodum
541 642 708 690 Bruma
743 642 934 690 sumitur
971 642 1090 709 apud
1120 641 1369 708 Virgilium,
1413 641 1576 703 Georg.

137 719 217 769 lib.
256 722 302 779 I,
337 740 450 770 vers.
491 737 578 768 211
606 758 618 776 ‚
655 732 706 768 ut
737 739 830 768 eam
869 721 999 769 etiam
1032 720 1198 769 Plinius
1223 761 1234 777 ,
1273 720 1351 769 lib.
1391 721 1579 778 XVIII,

139 818 234 866 cap.
258 799 343 860 24,
366 798 706 866 interpretatur,
731 809 864 865 atque
887 798 1005 865 apud
1027 798 1175 865 ipsum
1205 798 1399 848 Ovidium
1415 838 1424 854 ,
1460 799 1576 846 Fast.

138 876 216 926 lib.
244 878 287 935 I,
314 877 418 935 ubi,
455 897 593 944 quum
617 888 749 944 poeta
771 877 997 936 finxisset,
1021 896 1132 925 vers.
1171 878 1260 944 149
1279 915 1290 936 ‚
1326 897 1372 927 se
1402 896 1581 941 rogasse
1640 928 1645 933 ,

139 958 329 1006 Janum:

374 1062 382 1071 .
397 1062 404 1071 .
420 1062 427 1070 .
449 1036 635 1084 frigoribus
652 1049 759 1083 quare
775 1049 887 1073 novus
903 1037 1024 1083 incipit
1043 1050 1179 1080 annus3

143 1122 410 1190 resp'ondet,
436 1134 645 1189 tauquam
670 1140 722 1170 ex
748 1122 933 1187 hujusce
956 1123 1041 1171 Dei
1066 1142 1164 1180 ore,
1188 1140 1298 1172 vers.
1330 1122 1419 1171 163
1440 1143 1451 1171 ε

363 1221 508 1257 BRUMA
524 1220 606 1256 novi
618 1224 731 1265 prima
747 1223 759 1241 '¹
777 1227 847 1264 est,
866 1221 1064 1266 veterisque
1081 1225 1265 1256 nous'smaa
1280 1221 1359 1256 solis
1376 1234 1383 1256 ε

412 1283 632 1330 Principium
648 1283 792 1329 capiunt
807 1283 960 1318 Phoebus
976 1291 1011 1318 et
1028 1297 1141 1319 annus
1161 1283 1268 1319 idem.

149 1369 347 1428 Clarius,
371 1369 506 1420 Trist.
531 1367 611 1419 lib.
637 1370 693 1427 V,
713 1367 840 1432 Eleg.
866 1383 921 1427 x,
943 1388 1053 1417 vers.
1080 1387 1104 1435 7
1131 1381 1174 1417 et
1196 1369 1255 1417 8:

297 1470 372 1505 Nec
389 1468 478 1504 mihi
495 1471 678 1504 solstitium
704 1468 788 1513 (scil.
803 1467 979 1512 aestivum)
998 1468 1191 1514 quidquam
1213 1468 1257 1503 de
1274 1468 1434 1504 noctibus
1453 1469 1565 1505 aufert
1579 1487 1588 1509 :

367 1530 489 1569 Efficit
503 1539 666 1578 angustas
683 1544 750 1566 nec
766 1530 853 1566 mihi
870 1532 1016 1567 BRUMA
1031 1531 1115 1566 dies.

146 1619 211 1666 Ut
233 1628 286 1666 ut
303 1617 362 1666 sit
376 1654 387 1676 ‚
408 1628 583 1666 constat
597 1635 648 1664 ex
667 1616 902 1683 utriusque
920 1615 1086 1680 Elegiae
1105 1615 1341 1665 collatione
1354 1654 1365 1675 ‚
1389 1615 1585 1664 declinam

144 1707 250 1763 post
283 1713 432 1744 nonam
468 1713 563 1744 esse
596 1696 929 1754 concinnatam,
956 1707 1088 1762 atque
1123 1695 1313 1762 proinde
1342 1714 1479 1761 quum
1499 1694 1586 1760 jam

148 1771 340 1823 Ovidius
372 1771 700 1821 Samothraciam
730 1771 984 1838 reliquisset
1000 1809 1012 1830 ‚
1044 1791 1092 1821 ac
1123 1772 1340 1821 Bistonias
1369 1771 1589 1820 scinderet

147 1869 284 1918 aquas
309 1851 394 1915 (ex
418 1850 541 1915 Eleg.
577 1865 650 1909 lx,
680 1869 794 1899 vers.
819 1851 935 1916 48),
958 1850 1165 1900 Thracica
1187 1850 1409 1918 petiturus
1432 1850 1586 1907 litora,

148 1939 285 1994 prout
305 1928 360 1978 ad
381 1948 544 1977 annum
567 1947 657 1995 seq.
683 1946 968 1996 exponemus.

405 2158 515 2194 Anno
532 2158 574 2194 C.
593 2171 630 2194 1x
647 2174 655 2202 ;
673 2160 721 2195 U.
745 2160 787 2195 C.
803 2171 988 2203 nccnxnn
1006 2160 1128 2197 Ovidii
1145 2172 1198 2196 ιιι
1213 2168 1248 2197 et
1266 2172 1344 2196 mn.

273 2256 315 2291 P.
340 2255 495 2292 CORN.
519 2255 844 2302 DOLABELLA,
872 2257 914 2292 C.
938 2257 1095 2293 JUNIO
1121 2256 1307 2294 SILANO
1333 2255 1471 2292 COSS.

217 2353 252 2399 I.
290 2352 450 2416 QUUM
473 2351 662 2401 Ovidius
682 2370 735 2400 ex
754 2350 882 2401 Italia
907 2351 1137 2410 solvisset,
1164 2365 1207 2401 et
1229 2352 1431 2419 quidem,
1456 2363 1506 2399 ut
1524 2351 1591 2399 vi-

154 2429 310 2486 detur,
334 2429 565 2478 Brundisio
579 2470 590 2485 ,
622 2429 742 2477 unde
773 2430 910 2478 tritum
934 2431 975 2478 in
1006 2431 1212 2480 Groeciam
1236 2431 1312 2479 iter
1333 2441 1426 2478 erat
1449 2435 1489 2487 ²,
1513 2448 1593 2497 per

151 2504 417 2555 Adriaticum
431 2546 442 2563 ,
471 2506 628 2554 deinde
647 2525 727 2573 per
745 2506 911 2555 Ionium
931 2527 1049 2566 mare
1067 2519 1216 2556 vectus
1235 2519 1325 2565 est,
1345 2518 1396 2555 ut
1411 2525 1462 2555 ex
1482 2505 1594 2555 locis

154 2582 358 2649 superius
380 2582 428 2631 in
450 2583 643 2633 medium
668 2582 854 2651 prolatis
885 2583 1039 2650 liquet.
1067 2584 1228 2634 Postea
1249 2583 1434 2634 Lechcas
1460 2602 1598 2651 quum

200 2719 212 2739 ¹
238 2716 378 2752 Scilicet
396 2717 480 2754 dies.

201 2780 217 2803 ⁸
241 2777 368 2815 Cicero
382 2805 391 2823 ,
410 2779 501 2815 Phil.
518 2781 544 2815 1.
