1794 3100
256 266 343 324 378
600 264 903 308 NOTiTIA
933 265 1320 311 LITERARIA

253 358 308 402 de
329 358 488 405 Vetula
504 365 514 381 ¹
531 359 730 417 genuinis
751 357 904 400 Ovidii
924 360 1093 419 scriptis
1108 359 1418 412 adnumerare,
1439 365 1514 424 qui
1530 350 1660 423 hehss

253 431 402 473 metris
430 429 624 472 versibus
647 427 852 488 descripti
876 445 981 473 *cum
1010 431 1262 491 praefati-one
1283 434 1441 477 Leonis
1465 431 1658 493 (Proto-⁶

251 503 409 544 notarii
431 503 538 543 sacri
560 500 712 543 Palatii
731 503 958 559 Byzantini
979 494 1059 545 sub
1079 503 1290 547 Vatachio
1312 506 1538 567 Principe)
1553 520 1658 567 pro-

251 572 372 615 diere
394 572 607 625 Coloniae,
649 570 781 632 14703
815 573 1022 626 Luhecae,
1055 573 1192 634 14713
1228 583 1272 618 et
1300 577 1416 620 inter
1435 577 1655 622 Catalecta

252 643 403 687 Ovidii
422 643 590 686 editore
608 642 835 696 Goldasto,
859 645 895 687 F
898 645 1058 688 raneos.
1085 645 1192 688 1608
1204 679 1216 699 ,
1241 648 1366 702 in-80,
1387 646 1579 708 denique
1592 666 1658 694 re·

251 716 404 758 censiti
419 712 441 757 e
454 714 664 758 Mssfuna
675 730 774 757 cum
784 714 943 774 Nigelli
957 715 1151 760 Wirkeri
1161 723 1177 741 ⁸
1189 717 1319 777 Angli
1335 708 1554 773 Brunel‘lo,
1566 722 1655 764 sive

208 810 215 817 ·
251 786 438 846 Speculo
459 784 691 829 stultorum
712 785 847 838 editi,
872 788 1070 846 auspiciis
1091 789 1224 831 Ducis
1246 789 1434 848 Augusti
1455 789 1661 834 Guelfer-

247 860 368 919 byti,
394 857 526 911 1662,
551 859 678 901 iri-8⁰.
701 860 795 902 Hoc
811 858 1029 903 ludicrum
1045 860 1326 920 opusculum,
1349 861 1403 904 ab
1421 858 1562 906 infimi
1578 867 1656 908 oevi

248 929 461 974 Monacho
489 928 744 990 (Pamphilo
768 931 880 976 forte
901 932 1174 975 Maur-iliano
1193 929 1233 990 3)
1265 932 1536 992 profectum,
1569 939 1659 978 non
1683 954 1687 957 ·

250 1001 462 1044 evolverat
483 1003 731 1056 Manutius,
759 1005 833 1064 qui
851 1012 1058 1063 tanquam
1076 1005 1160 1048 tria
1183 1003 1352 1052 diversa
1373 1015 1587 1065 memoret
1602 1007 1659 1052 de

242 1071 392 1114 vetula
404 1104 416 1129 ,⁷
443 1071 498 1115 de
516 1084 704 1131 quatuor
729 1072 999 1127 humoribus,
1025 1086 1070 1117 et
1086 1074 1142 1117 de
1163 1074 1266 1117 ludo
1289 1074 1652 1134 latrunculorum,

244 1157 380 1201 quum
397 1141 451 1185 de
468 1143 535 1184 his
554 1144 765 1186 universis
789 1153 886 1204 agat
908 1144 992 1188 hoc
1014 1147 1246 1205 scriptum?
1264 1148 1423 1196 Versus
1443 1147 1658 1209 aliquam-

241 1215 402 1258 multos
416 1232 469 1258 ex
483 1215 597 1259 libro
619 1218 689 1262 III
711 1216 918 1278 producit
940 1218 1103 1262 Thom.
1123 1218 1460 1265 Bradwardinus
1473 1222 1520 1272 in
1535 1237 1658 1272 causa

243 1288 327 1331 Dei
359 1286 563 1331 adversus
593 1288 838 1349 Pelagium,
865 1304 963 1350 pag.
990 1291 1062 1356 33τ
1085 1291 1279 1351 Rogerus
1309 1295 1653 1355 quoqueBaco,

240 1375 419 1419 magnus
439 1361 695 1421 Astrologiae
721 1369 929 1421 patronus
943 1396 956 1415 ,
981 1363 1145 1406 nullius
1174 1364 1265 1408 fere
1286 1365 1496 1414 libentius
1509 1367 1658 1426 ⁴scrip-

243 1434 350 1475 toris
370 1435 628 1477 testimoniis
654 1436 816 1487 utitur,
840 1443 1019 1478 notante
1040 1438 1204 1479 Joanne
1232 1439 1336 1480 Pico
1355 1437 1435 1480 lib.
1463 1440 1485 1481 Ι
1503 1440 1551 1481 in
1572 1440 1656 1482 As-

242 1504 456 1563 trologos,
482 1520 580 1564 pag.
604 1504 713 1559 284,
737 1505 856 1565 Opp.
880 1505 997 1549 Vide
1020 1507 1150 1549 etiam
1167 1506 1350 1550 Roberti
1368 1508 1539 1552 Holkot
1551 1509 1654 1553 lect.

243 1572 376 1630 XXI,
402 1580 448 1620 in
468 1577 547 1621 lib.
573 1578 832 1638 Sapientiae,
861 1587 905 1622 et
932 1581 1111 1622 Joannis
1139 1579 1263 1623 Frid.
1297 1581 1470 1641 Mayeri
1497 1582 1654 1626 Exere.

244 1656 393 1691 utrum
419 1649 503 1692 fata
534 1648 797 1708 religionum
817 1649 1041 1708 pendeant
1074 1650 1127 1693 ab
1151 1652 1274 1694 astris
1293 1683 1306 1703 ,
1330 1652 1446 1694 Diss.
1486 1667 1500 1694 1
1520 1685 1532 1703 ,
1558 1651 1582 1712 §
1609 1653 1653 1695 5.

244 1721 311 1764 De
337 1721 420 1764 hoc
442 1737 573 1782 opere
594 1723 810 1782 copiosius
837 1721 1050 1768 disserere
1069 1722 1210 1765 voluit
1231 1738 1410 1782 magnus
1445 1723 1659 1768 seldenus

242 1791 322 1835 lib.
349 1794 433 1836 ΙΙΙ.
453 1794 507 1837 de
534 1793 783 1853 Synedriis,
814 1811 908 1854 cap.
950 1795 1016 1838 16.
1040 1795 1117 1838 sed
1138 1803 1279 1838 morte
1305 1802 1548 1854 praeventus
1571 1796 1656 1836 im-

243 1865 486 1926 perfectum
510 1867 619 1911 illud
642 1883 750 1927 opus
774 1876 945 1910 coactus
968 1876 1032 1910 est
1052 1868 1319 1927 relinquere.
1344 1866 1581 1910 Librorum
1601 1866 1658 1910 de

244 1939 394 1982 vetula
414 1947 637 1983 auctorem
657 1955 746 1982 esse
769 1939 946 1981 fortasse
967 1940 1110 1998 ipsum
1136 1939 1261 1982 illum
1286 1940 1480 1982 Leonem
1500 1940 1659 1982 Proto·-

244 2013 487 2064 notarium,
513 2013 590 2071 qui
609 2011 910 2071 praefationem
932 2013 1164 2070 praemisit,
1190 2012 1434 2070 suspicatur
1458 2010 1661 2069 Polycar-

243 2099 324 2141 pus
348 2084 535 2142 Lyserus
557 2085 601 2125 in
629 2084 812 2125 historia
843 2090 1075 2142 poetarum
1094 2082 1231 2126 medii
1250 2084 1353 2136 mvi,
1384 2097 1487 2149 pag.
1515 2084 1651 2142 2089,

243 2155 322 2199 ubi
342 2171 473 2216 porro
498 2156 647 2199 multis
674 2163 775 2215 post
794 2154 1007 2197 Ovidium
1034 2155 1190 2199 seculis
1212 2156 1349 2205 libros
1370 2154 1469 2204 illos
1493 2154 1656 2203 Ouidio

247 2245 336 2273 esse
353 2230 599 2290 suppositos
631 2245 681 2271 ex
711 2228 829 2270 hisce
849 2226 978 2271 docet
998 2227 1202 2271 flosculis.
1226 2227 1407 2272 Scilicet
1432 2227 1512 2270 lib.
1536 2229 1582 2281 I,
1607 2243 1653 2269 n.

244 2315 359 2355 xxx,
378 2319 421 2344 v.
445 2303 469 2346 3
487 2300 595 2352 edit.
612 2300 833 2353 Goldasti‚
853 2318 952 2361 pag.
980 2317 1075 2361 127,
1096 2300 1255 2359 legitur
1271 2299 1534 2343 vocabulum
1549 2309 1661 2345 treu-

244 2391 327 2433 ga,
353 2391 434 2435 pro
460 2375 713 2427 armistitio,
747 2374 867 2434 quod
892 2376 971 2417 aevi
994 2382 1058 2416 est
1087 2373 1361 2418 recentioris.
1395 2370 1496 2415 Lib.
1528 2371 1574 2423 I,
1607 2386 1654 2415 n.

290 2508 301 2526 ¹
326 2490 421 2541 Beda'
437 2506 471 2541 in
489 2507 680 2542 Boethium
702 2506 744 2541 de
767 2507 940 2542 Trinitate
958 2519 966 2541 z
981 2507 1212 2549 Eaesmpanda
1228 2511 1281 2539 est
1294 2506 1426 2539 heresis
1443 2504 1650 2542 vetularum.

246 2574 317 2606 quoe
323 2563 446 2605 jurant
452 2576 516 2606 per
523 2571 638 2606 parles
655 2563 732 2597 Dei.

290 2630 305 2648 ²
329 2628 383 2663 De
403 2629 470 2663 hoc
494 2630 628 2674 Nigello
649 2636 755 2664 exstat
775 2628 910 2664 erudita
931 2627 1123 2663 dissertatio
1141 2626 1215 2661 Jac.
1236 2624 1414 2660 Thomasii
1436 2612 1525 2667 ijps.
1547 2620 1630 2667 1679
1644 2645 1657 2663 ,

247 2697 312 2729 qua
328 2684 420 2718 inter
435 2684 498 2718 alia
515 2686 674 2719 observat
686 2711 695 2728 ,
715 2698 797 2719 eum
816 2683 974 2728 claruisse
991 2684 1079 2718 circa
1096 2695 1176 2725 ann.
1193 2680 1236 2715 C.
1257 2693 1350 2714 1200.

292 2750 306 2771 ³
330 2739 420 2785 Vide
437 2750 621 2785 Barthium
637 2751 678 2786 ad
697 2751 788 2786 Guil.
807 2750 1010 2794 mitonem,
1028 2763 1102 2795 pag.
1119 2749 1161 2783 δα
1180 2755 1215 2782 et
1230 2748 1303 2793 349.
