1794 3100
271 222 358 264 206
704 225 755 266 P.
798 225 1035 270 OVIDII
1078 227 1262 271 VITA

268 314 528 381 tandemque
557 315 879 365 Samothraciam
902 319 1032 384 petiit
1049 320 1249 369 insulam.
1270 309 1373 370 Haec
1390 323 1574 390 ipsemet
1591 344 1692 388 gra-

266 394 395 460 phice
429 394 594 460 pingit,
620 395 754 443 Trist.
794 395 870 445 lib.
907 398 1104 461 I‚Eleg.
1131 412 1207 457 lx,
1236 400 1315 450 ubi
1349 401 1404 450 de
1430 404 1559 462 navi,
1598 424 1695 472 qnae

270 469 537 519 Corinthiae-12<
550 472 728 536 pn'mum
750 473 831 521 sibi
847 475 1002 540 cognita
1024 474 1243 534 Cen‘chn's‚
1274 477 1358 536 ait,
1381 497 1442 528 vs.
1477 479 1656 530 15-20:

485 570 577 615 Quae
595 569 699 606 simul
713 574 833 607 AEolioe
847 585 937 608 mare
951 586 1009 609 me
1028 574 1196 610 deduxit·
1187 589 1224 611 in
1240 579 1378 620 Helles,

530 631 577 666 Et
595 631 739 678 longum
758 634 854 668 tenui
876 634 985 669 limite
1001 635 1081 670 fecit
1097 636 1185 677 iter;

481 691 655 727 Fleximus
672 693 707 727 in
724 694 849 728 laevum
866 708 984 730 cursus
998 722 1006 739 ,
1025 703 1059 731 et
1075 696 1116 731 ab
1133 699 1286 733 Hectoris
1302 701 1312 720 ¹
1332 700 1416 734 urbe

530 753 705 789 Venimus
721 754 762 788 ad
781 761 900 799 portus
915 781 924 799 ,
942 756 1067 790 Imbria
1083 763 1174 791 terra
1187 784 1196 802 ,
1214 765 1300 793 tuos.

485 813 572 848 Inde
593 814 658 849 levi
689 822 796 850 vento
812 817 988 851 Zerim‘hia
1003 817 1018 836 ²
1034 819 1133 852 litora
1154 825 1272 859 nacto,

535 875 722 909 Threiciam
736 876 849 921 tetigit
862 876 950 911 sessa
964 877 1082 912 carina
1097 879 1232 914 Samon.

263 952 335 999 Ab
358 951 439 999 hac
463 951 620 1000 deinde
644 953 790 1001 insula
808 953 1093 1003 Samothracia
1109 956 1273 1004 Noster
1291 973 1389 1003 cum
1406 974 1517 1004 nova
1535 976 1687 1008 rursus

261 1031 361 1078 navi
398 1031 444 1078 T
441 1030 591 1078 hracz‘ae
625 1025 754 1079 litora
780 1031 978 1098 adpulit,
1018 1044 1061 1080 et
1088 1046 1244 1100 postea
1277 1032 1468 1100 pedibus
1500 1035 1581 1084 iter
1608 1054 1687 1103 per

261 1110 472 1157 Bistonios
486 1150 496 1165 ‚
519 1110 647 1158 istius
665 1110 860 1173 regionis
875 1111 1067 1178 populos
1082 1149 1094 1171 ‚
1114 1113 1230 1162 fecit.
1251 1114 1423 1162 Ibidem
1444 1114 1558 1163 enim
1580 1116 1685 1164 sub-
1713 1115 1714 1118 ¹

262 1186 430 1250 jungit,
456 1206 564 1235 vers.
589 1187 736 1235 21-23
758 1208 768 1235 ε

483 1285 597 1321 Saltus
615 1287 656 1321 ab
675 1289 742 1322 ltac
754 1293 843 1322 terra
857 1288 970 1323 brevis
985 1295 1036 1323 est
1056 1290 1221 1335 Tempyra
1235 1289 1369 1334 petenti
1382 1301 1390 1324 t

522 1349 602 1382 Hac
617 1347 801 1382 dorninum
819 1356 914 1383 tenus
929 1356 980 1384 est
995 1348 1050 1384 illa
1069 1349 1189 1393 (navis
1197 1351 1246 1398 3)
1264 1357 1381 1385 secuta
1395 1362 1511 1389 suum.
1526 1342 1566 1387 Ο

477 1409 568 1443 Nam
584 1408 672 1443 mihi
688 1411 863 1444 Bistonios
881 1410 1009 1455 placuit
1026 1410 1115 1455 pede
1134 1423 1275 1456 carpere
1292 1422 1438 1454 campos.

259 1487 464 1554 Tempyra
494 1506 650 1554 nempe
668 1525 679 1545 ‚
708 1498 845 1553 prout
867 1507 917 1536 ex
950 1488 1121 1555 aliquot
1146 1489 1275 1537 etiam
1299 1488 1526 1538 codicibus
1561 1488 1682 1544 MSS

256 1562 511 1625 legendum,
534 1562 659 1611 locus
679 1576 771 1612 erat
793 1564 847 1612 ad
872 1563 1067 1620 Thracia»
1090 1564 1196 1612 litus
1211 1602 1222 1622 ‚
1256 1576 1306 1619 ut
1332 1563 1401 1613 vel
1425 1564 1539 1613 Livii
1554 1563 1681 1613 locus

258 1642 390 1690 modo
403 1642 621 1690 indicatus
636 1642 796 1710 probat
811 1663 819 1690 :
837 1665 858 1685 «
875 1643 982 1691 Inde
993 1680 1004 1701 ‚
1021 1643 1083 1690 ait
1094 1680 1105 1700 ‚
1125 1642 1359 1691 AEniorum
1370 1642 1480 1691 fines
1491 1679 1503 1700 ‚
1523 1653 1683 1708 praeter

300 1777 312 1794 ¹
337 1775 491 1809 Pessime
524 1775 688 1819 Ciosanus
714 1774 924 1820 legendum,
950 1779 995 1810 ab
1011 1777 1154 1811 Actoris
1175 1779 1272 1817 urbe,
1306 1784 1444 1819 censet,
1472 1789 1580 1822 quum
1607 1776 1681 1811 haec

256 1831 409 1866 fueritin
427 1835 526 1867 Eloea
542 1832 636 1875 urbs,
651 1839 684 1866 at
701 1832 754 1866 illa
780 1832 941 1867 debuerit
958 1832 1000 1866 ad
1020 1833 1181 1877 AEgoeum
1198 1845 1295 1867 mare
1312 1839 1402 1867 stare
1416 1846 1424 1873 ;
1445 1833 1532 1868 sicut
1548 1844 1589 1867 ex
1599 1835 1681 1867 *toto

255 1894 367 1931 poetae
384 1894 546 1922 contextu
562 1887 693 1932 liquido
709 1894 820 1932 patet;
836 1900 1015 1932 quumque
1033 1888 1222 1922 absurdum
1239 1888 1279 1923 fit
1294 1901 1375 1923 cum
1393 1887 1536 1932 Ciosano
1548 1887 1679 1931 dicere,

256 1942 424 1978 Ovidium
441 1957 459 1976 a
475 1944 551 1977 sinu
570 1942 796 1978 Corinthiaco
812 1951 937 1989 praeter
953 1945 1236 1989 Peloponnesum
1250 1947 1439 1995 navigasse,
1454 1946 1512 1981 ubi
1523 1960 1598 1994 sup.
1616 1960 1680 1986 no-

257 1999 413 2034 tavimus.
433 2000 502 2033 Ista
517 2012 600 2033 vero
616 2001 771 2033 Hectoris
785 2002 861 2033 urbs
879 1999 1017 2034 videtur
1031 2000 1153 2035 eadem
1174 2014 1211 2036 ac
1228 2003 1346 2039 Ilium
1374 2003 1471 2047 cujus
1488 2002 1542 2037 ille
1554 2003 1676 2044 *Deus

254 2068 314 2090 seu
330 2057 437 2089 beros
444 2062 539 2097 erat,
556 2055 649 2099 quod
674 2054 729 2089 vel
751 2055 990 2100 Athenagoras
1017 2057 1117 2100 Apol.
1143 2056 1269 2092 docet:
1294 2052 1367 2093 Ᾰλλ’
1391 2060 1404 2094 ὁ
1419 2063 1475 2102 μὲν
1497 2054 1589 2098 ἰλιιῦς
1606 2062 1679 2095 θιόν

253 2101 329 2145 liam
316 2112 368 2159 'poc
381 2114 469 2153 λεγεὶ.
494 2108 600 2144 Unde
617 2116 687 2152 est,
706 2108 800 2154 quod
825 2111 982 2144 Hector'
974 2124 1009 2144 ιιι
1026 2113 1199 2146 Iliensium
1226 2112 1380 2146 nummis
1398 2120 1677 2157 repraesentetur.

258 2164 349 2199 Alias
366 2178 475 2209 quum
492 2167 613 2205 Ilium,
633 2166 737 2200 etiam
753 2179 884 2199 novum
899 2152 1058 2211 ‚aliquot
1076 2167 1193 2202 stadiis
1210 2168 1251 2202 ab
1263 2180 1324 2202 ora
1340 2168 1514 2203 maritima
1530 2169 1677 2212 abesset,

255 2222 322 2256 dici
338 2228 470 2267 potest,
492 2222 695 2267 Ophrsnium
709 2221 765 2255 hic
782 2234 799 2254 a
817 2229 918 2266 poeta
937 2222 1148 2257 subindicari
1164 2223 1283 2267 ‚quod
1303 2223 1345 2256 ad
1370 2236 1465 2258 mare
1485 2223 1617 2265 situm,
1609 2238 1617 2245 ·
1643 2232 1679 2259 et

255 2278 312 2311 ubi
332 2285 403 2312 erat
423 2279 534 2312 Lucus
552 2277 708 2312 Hectoris
719 2280 755 2311 in
767 2280 839 2312 loco
852 2281 1048 2322 conspicuo,
1071 2278 1185 2313 Strab.
1200 2278 1257 2312 lib
1274 2268 1386 2322 XIII,
1405 2292 1479 2324 pag.
1492 2279 1573 2328 889;
1591 2279 1678 2326 quin

256 2339 291 2365 et
308 2332 340 2365 in
360 2331 464 2376 hujus
480 2331 597 2377 oppidi
615 2332 769 2366 nummis
787 2331 935 2366 habetur
953 2334 1108 2367 Hectoris
1123 2339 1235 2378 caput.
1255 2332 1406 2376 Qualem
1424 2331 1575 2377 possidet
1595 2346 1675 2380 gaza

252 2387 376 2421 illustr.
397 2386 547 2425 Comitis
563 2387 828 2430 Pembrochiae‚
847 2394 909 2421 etc.

298 2451 314 2469 ²
338 2449 475 2484 Scilicet
493 2449 594 2483 litora
609 2450 868 2490 Samothracioe·
889 2462 965 2494 quae
981 2449 1028 2483 sic
1048 2448 1254 2485 dicebantur
1272 2461 1290 2483 a
1306 2447 1470 2494 spelunca
1494 2443 1643 2494 quadarn
1661 2474 1671 2491 ,

255 2508 432 2541 Zerinthus
446 2507 610 2549 nomine,
629 2506 715 2540 eain
731 2506 840 2540 insula
855 2507 1048 2540 Cabirorum
1060 2503 1231 2553 mysteriis
1246 2513 1375 2540 sacrata
1393 2518 1401 2540 z
1417 2506 1495 2540 vide
1510 2506 1672 2541 Bochart.

256 2559 452 2604 Geograph.
473 2560 566 2594 Sacr.
590 2567 676 2605 part.
692 2560 751 2603 ss,
770 2560 827 2594 lib.
842 2570 881 2603 1,
904 2572 975 2605 cap.
1005 2573 1052 2594 12.
1072 2560 1123 2594 Ut
1149 2559 1184 2593 in
1206 2571 1286 2594 vera
1312 2560 1416 2605 hujus
1440 2559 1504 2595 loci
1521 2559 1670 2595 lectione

252 2613 385 2648 haerere
402 2613 493 2648 docti
505 2614 570 2648 viri
585 2627 659 2648 non
675 2614 871 2649 debuerint.
890 2615 989 2660 Quin
1007 2622 1042 2649 et
1056 2615 1093 2648 in
1108 2615 1280 2648 AEniorum
1292 2614 1425 2649 finibus
1439 2614 1580 2660 Apollo,
1597 2615 1671 2649 Ze—

251 2672 408 2705 rintbium
418 2683 510 2715 quem
520 2679 643 2706 vocant
652 2675 787 2712 incola,
797 2671 972 2717 templum
987 2671 1107 2706 habuit
1117 2697 1127 2714 ,
1144 2678 1229 2706 teste
1243 2671 1341 2707 Livio
1354 2698 1363 2716 ,
1380 2672 1436 2707 lib.
1450 2670 1648 2708 xxxvm
1657 2698 1666 2715 ‚

253 2738 324 2769 cap.
343 2727 400 2768 41,
419 2726 516 2770 eujus
532 2726 646 2759 locum
663 2726 703 2760 cl.
729 2726 896 2761 Heinsius
911 2726 949 2760 in
966 2726 1057 2760 notis
1072 2725 1213 2770 profert.
