1794 3100
579 238 707 283 PER
740 240 783 283 J.
820 238 1119 284 MASSON
1481 245 1566 286 225

137 348 255 393 tum,
280 352 334 383 ac
355 344 584 402 paternam
608 332 932 400 eloquentiam,
958 334 1083 423 cujus
1101 334 1244 382 fuerat
1266 333 1418 394 heres,
1456 355 1567 387 vers.

137 413 303 541 49A5d4·
298 491 461 541 Cottam
482 509 587 540 vero
610 502 676 539 est
701 491 894 557 ejusdem
926 490 1030 539 libri
1055 471 1140 558 Ep.
1169 503 1282 550 VIII,
1312 503 1356 540 et
1376 490 1455 542 lib.
1477 496 1568 553 III,

137 571 223 638 Ep.
250 583 287 619 11
309 589 358 619 ac
380 583 441 627 V,
467 588 553 636 qua
567 569 727 637 juvenis
749 568 913 618 ovidio
939 568 1120 626 dicitur,
1146 588 1258 618 veis.
1283 587 1342 636 7:

324 715 326 717 ‚
351 669 518 715 Legimus
531 695 540 712 ,
561 681 583 703 o
592 669 731 713 juvenis
744 671 852 712 patrii
862 681 928 703 non
943 670 1087 712 degener
1099 672 1182 709 ονιίς,

382 726 504 762 Dicta
521 725 584 761 tibi
600 725 705 771 pleno
719 725 824 760 verba
842 724 970 760 diserta
986 724 1082 768 foro,
1101 731 1165 760 etc.

167 807 264 855 V.
297 804 387 854 Sed
409 816 461 853 ut
484 804 540 854 ad
561 804 754 853 Nasonis
782 822 968 870 operum
999 803 1156 852 seriem
1178 804 1438 862 1edea1nus,
1474 804 1578 854 libri

140 883 205 933 IV
224 898 280 931 ex
293 881 443 930 Ponto
464 880 610 947 Epist.
635 892 687 928 IV
713 880 799 928 hoc
817 880 1057 928 certissime
1078 899 1196 928 anno
1223 880 1277 930 ad
1297 868 1466 930 exitum
1481 902 1580 938 ver-

146 972 274 1026 gente
296 958 426 1010 missa
445 969 513 1007 est
530 957 662 1006 Sexto
681 957 897 1023 Pompeio,
923 957 993 1006 cui
1011 958 1064 1006 de
1083 959 1304 1008 consulatu
1319 959 1587 1023 gratulatur,

146 1058 276 1107 quem
296 1057 413 1101 anno
438 1048 644 1101 gesturus
661 1047 754 1085 erat
771 1035 989 1102 proximu.
1012 1037 1165 1101 Fingit
1185 1038 1302 1088 enim
1321 1040 1500 1090 Famam
1518 1041 1581 1090 sic

150 1135 197 1167 se
217 1110 470 1167 adlocutam
488 1113 647 1175 fuisse,
672 1132 784 1162 vers.
819 1130 871 1178 17
894 1133 905 1160 :

371 1214 517 1248 Consule
533 1214 692 1256 Pompeio
702 1238 710 1251 ‚
733 1223 803 1256 quo
823 1223 896 1245 non
912 1211 974 1245 tibi
992 1212 1107 1247 carior
1122 1213 1209 1249 alter
1222 1240 1232 1257 ,

414 1266 599 1303 Candidus
615 1273 652 1302 et
665 1266 747 1301 felix
758 1270 933 1311 proximus
944 1280 1055 1302 armus
1070 1269 1147 1304 erit.

149 1346 306 1396 deinde
329 1363 442 1395 vers.
467 1343 552 1403 23,
579 1344 734 1408 addit:

367 1444 465 1488 Ergo
479 1443 540 1479 ubi
550 1469 560 1487 ,
578 1443 668 1478 Jane
683 1442 800 1489 biceps
814 1470 823 1487 ,
839 1443 984 1490 longum
1001 1450 1331 1485 reseraventrannum
1341 1475 1350 1489 ,

413 1498 540 1536 Pulsus
557 1506 592 1535 et
609 1511 628 1534 a
644 1511 741 1534 sacro
757 1512 878 1534 mense
895 1501 1078 1535 December
1086 1501 1169 1544 erin

367 1556 533 1602 Purpura
547 1557 741 1600 Pompeium
756 1555 887 1591 summi
903 1556 1032 1592 velabit
1048 1557 1209 1603 honoris,
1225 1565 1290 1594 etc.

152 1637 234 1687 Ille
272 1648 434 1710 autem.
457 1634 612 1684 Sextus
651 1631 873 1702 Pomp'cius
888 1639 1023 1703 ''anno
1070 1637 1384 1705 subsequenti,
1430 1642 1489 1689 U.
1535 1643 1587 1691 C.

154 1727 406 1773 DCCvan,
426 1713 569 1763 consul
581 1733 746 1762 annum
764 1713 1170 1780 fascibusaperuit;
1194 1734 1328 1781 quare
1347 1716 1439 1766 haec
1457 1719 1591 1785 Epis—

155 1793 266 1851 tola,
290 1792 347 1842 ad
371 1811 472 1843 eum
493 1791 583 1857 jam
606 1792 887 1857 designatum
913 1791 1140 1842 consulem
1166 1794 1299 1843 missa
1316 1833 1328 1853 ,
1355 1807 1592 1862 antequam

155 1869 382 1924 Decembri
401 1870 684 1920 successisset
705 1869 939 1918 Januarius
957 1910 968 1927 ‚
997 1870 1049 1919 ad
1076 1871 1245 1921 huncce
1268 1892 1431 1922 annum
1455 1877 1511 1924 U.
1539 1877 1591 1925 C.

156 1964 362 2002 DCCLXVI
384 1962 615 1999 exeuntem
635 1949 819 1998 omnino
839 1949 1044 2015 pertinet.
1068 1950 1187 1998 Ante
1200 1970 1303 1999 vero
1320 1952 1434 2011 hanc
1448 1955 1591 2020 Epist.

160 2029 397 2097 scripserat
410 2040 453 2076 et
466 2028 659 2093 ejusdem
680 2027 782 2075 libri
802 2027 989 2094 primam
1003 2065 1014 2085 ,
1036 2047 1133 2094 quae
1150 2030 1394 2083 nonmodo
1415 2031 1594 2092 ordine,

159 2107 238 2157 sed
261 2119 306 2156 et
329 2119 529 2173 tempore
563 2104 670 2154 alias
700 2105 842 2154 eidem
867 2105 1054 2172 scriptas
1079 2108 1327 2173 praecessit,
1349 2120 1400 2156 ut
1423 2108 1596 2176 liquido

158 2196 282 2252 patet
305 2203 358 2233 ex
379 2202 490 2233 vers.
525 2199 638 2230 1-20
659 2202 669 2230 :

378 2282 508 2328 Accipe
520 2308 528 2320 .
550 2282 706 2324 Pompei,
726 2280 916 2316 deductum
934 2294 1077 2316 carmen
1094 2281 1135 2316 ab
1151 2281 1210 2317 illo
1222 2309 1232 2326 ,

424 2336 575 2371 Debitor
590 2343 641 2370 est
656 2337 734 2370 vitae
750 2336 808 2380 qui
825 2336 886 2371 tibi
899 2362 908 2380 ,
927 2338 1044 2377 Sexte,
1063 2349 1134 2371 suae
1149 2351 1158 2378 ;

386 2392 460 2439 Qui
476 2419 486 2437 ‚
503 2405 565 2428 seu
584 2405 656 2426 non
674 2391 836 2437 prohibes
856 2405 874 2426 a
890 2404 946 2427 me
965 2399 1023 2427 tua
1041 2393 1186 2428 nomina
1207 2393 1308 2438 poni,
1340 2433 1341 2436 Ἴ

430 2446 584 2482 Accedet
601 2445 734 2482 meritis
750 2446 824 2482 haec
839 2458 977 2492 quoque
994 2460 1132 2482 summa
1150 2448 1237 2496 tuis,
1256 2454 1319 2482 etc.

229 2525 472 2594 Pompeius
505 2525 578 2574 ille
615 2527 703 2591 jam
732 2537 832 2574 ante
862 2526 1062 2575 maximis
1102 2527 1314 2575 Ovidium
1336 2527 1601 2594 prosecutus

170 2607 317 2656 fuerat
339 2603 591 2669 beneficiis,
615 2604 808 2671 ipsomet
832 2615 965 2670 poeta
985 2615 1093 2652 teste
1108 2641 1120 2661 ,
1143 2622 1253 2654 vers.
1280 2604 1341 2652 23
1362 2626 1373 2654 :

384 2705 578 2750 Nunquam
593 2704 689 2750 pigra
705 2704 773 2738 fuit
788 2702 916 2738 nostris
931 2710 989 2738 tua
1005 2702 1114 2749 gratia
1130 2703 1254 2747 rebus;

429 2766 504 2802 Nec
519 2766 605 2801 mihi
626 2765 809 2803 munificas
826 2777 903 2800 arca
921 2764 1060 2810 negavit
1077 2777 1178 2810 opes,
1198 2772 1262 2800 etc.

338 2832 490 2879 VIII.
1308 2834 1358 2875 15
