1794 3100
234 259 282 286 12
616 249 667 291 P.
712 248 948 294 OVIDII
982 251 1279 300 NASONIS

233 335 549 405 Carnificisque
570 359 720 400 manu,
745 342 913 410 populo
936 343 1192 411 plaudente,
1219 348 1420 409 traheris;

297 415 549 483 Infixusque
573 420 660 468 tuis
686 421 861 471 ossibus
886 442 1025 473 uncus
1047 425 1143 473 erit.

232 491 344 556 Ipsae
368 503 408 539 te
432 492 626 556 fugient,
653 516 748 562 quae
772 511 960 566 carpunt
983 501 1156 560 omnia,
1180 500 1390 553 flammae:

300 570 498 637 Respuet
520 574 710 623 invisum
728 576 843 641 justa
867 578 1049 628 cadaver
1069 580 1245 630 humus.

1596 608 1659 645 170

234 645 474 708 Unguibus
498 661 542 697 et
564 663 711 699 rostro
735 654 883 702 tardus
908 655 1050 703 trahet
1069 655 1142 704 ilia
1166 656 1344 716 vultur;

297 725 357 771 Et
376 725 576 776 scindent
600 729 734 778 avidae
757 730 921 796 perfida
944 732 1075 781 corda
1099 752 1239 782 canes.

233 799 389 866 Deque
415 815 492 851 tuo
515 803 610 864 fiet,
637 806 738 856 licet
759 809 841 856 hac
866 809 925 858 sis
947 809 1073 859 laude
1102 813 1342 880 superbus,

297 880 631 946 Insatiabilibus
656 904 839 952 corpore
862 887 954 935 rixa
978 887 1109 955 lupis.

230 956 282 1002 In
304 955 396 1005 loca
418 959 474 1007 ab
499 960 664 1027 Elysiis
688 963 855 1012 diversa
880 964 1087 1027 fugabere
1109 967 1300 1032 campis3

299 1034 511 1102 Quasque
537 1050 657 1087 tenet
680 1040 805 1089 sedes
826 1042 957 1089 noxia
981 1042 1111 1090 turba
1126 1079 1138 1099 ‚
1166 1041 1303 1090 coles.

235 1110 452 1178 Sisyphus
477 1126 545 1163 est
570 1115 660 1163 illic
684 1136 835 1166 saxum
860 1117 1126 1185 volvensque
1152 1130 1424 1186 petensque;

300 1190 481 1257 Quique
507 1193 651 1255 agitur
675 1195 839 1261 rapidae
862 1195 1034 1244 vinctus
1057 1196 1112 1243 ab
1137 1196 1247 1244 orbe
1270 1207 1407 1244 rotae:

237 1264 437 1332 Quaeque
462 1282 621 1331 gerunt
642 1271 837 1320 humeris
861 1272 1079 1338 perituras
1101 1271 1276 1321 Belides
1299 1271 1465 1330 undas,

299 1344 480 1393 Exsulis
505 1348 711 1414 AEgypti,
739 1349 867 1397 turba
891 1361 1093 1408 cruenta,
1119 1340 1271 1399 n'urus.

1601 1365 1662 1400 180

239 1422 376 1470 Poma
400 1434 525 1489 pater
549 1424 725 1492 Pelopis
750 1428 978 1493 praesentia
1006 1428 1183 1494 quaerit,
1211 1440 1254 1476 et
1275 1427 1393 1477 idem

306 1500 487 1568 Semper
510 1515 633 1566 eget,
659 1504 840 1571 liquidis
863 1525 1033 1574 semper
1056 1506 1251 1554 abundat
1275 1506 1424 1573 aquis;

238 1577 567 1648 Jugeribusque
591 1602 748 1631 novem
775 1584 850 1650 qui
876 1603 1073 1632 summus
1095 1583 1229 1632 distat
1251 1583 1306 1631 ab
1333 1584 1421 1632 imo
1438 1621 1450 1642 ‚

306 1655 570 1724 Visceraque
595 1659 775 1708 adsidue
799 1660 948 1710 debita
970 1659 1137 1727 praebet
1155 1661 1235 1709 avi.

242 1730 327 1779 Hic
351 1732 433 1780 tibi
456 1733 510 1782 de
536 1735 679 1785 Furiis
701 1737 870 1786 scindet
893 1737 1007 1786 latus
1030 1736 1309 1800 una-flagello
1323 1775 1334 1794 ,

1605 1749 1667 1784 185

309 1811 372 1857 Ut
393 1810 567 1860 sceleris
591 1833 798 1864 numeros
825 1814 1055 1863 confiteare
1081 1815 1146 1863 tui
1166 1835 1176 1862 ε

245 1886 396 1936 Altera
418 1891 638 1939 Tartareis
661 1892 805 1942 sectos
827 1892 952 1942 dabit
970 1893 1192 1956 anguibus
1214 1904 1363 1949 artus;

244 2020 382 2066 pultura
399 2030 518 2061 carent
534 2049 543 2066 ‚
567 2024 731 2069 peculiari
749 2024 925 2071 significa-

243 2073 337 2107 tione
351 2076 482 2118 projici
492 2075 678 2118 dicuntum
700 2076 814 2112 Cicer.
831 2077 890 2111 lib.
906 2078 924 2112 I

246 2125 421 2160 Tusculan
444 2140 452 2161 ε
473 2141 489 2157 «
513 2128 647 2162 Durior
671 2129 849 2175 Diogenes
863 2155 872 2172 ,
891 2136 926 2164 et

245 2176 282 2212 id
307 2178 450 2223 quidem
477 2180 654 2224 sentiens,
683 2188 721 2214 ut
747 2180 924 2227 Cynicus,

246 2229 398 2274 asperius
412 2256 421 2273 ‚
440 2228 562 2275 projici
584 2244 620 2266 se
644 2231 889 2273 inhumatum;
906 2246 924 2262 ²>

248 2281 332 2316 Sen.
359 2281 469 2327 Epist.
494 2283 537 2330 93
566 2295 574 2317 ε
600 2297 618 2313 «
649 2283 770 2328 Quem
798 2284 926 2319 saevitia

247 2333 434 2377 projecerit
446 2359 456 2377 ,
474 2334 548 2370 dies
556 2334 668 2369 conde
675 2342 696 2369 t.
707 2348 724 2365 ι»
736 2336 788 2370 lta
795 2335 926 2371 Graecis

249 2388 468 2435 ἒξερῥιμμένος.

296 2438 367 2471 168.
381 2439 573 2484 Infixusque
588 2443 656 2473 tuis
672 2442 805 2474 ossibus
822 2453 927 2475 uncus

246 2491 318 2523 erit.
333 2489 425 2523 Puto
426 2489 600 2532 saucibus.
612 2490 757 2526 Gutturi
768 2492 864 2525 enim
876 2490 929 2525 in-

249 2540 448 2587 figebantur
464 2544 544 2578 unci
562 2570 571 2587 ,
594 2557 661 2589 qua
679 2544 722 2579 de
740 2557 777 2579 re
795 2544 928 2580 dictum

249 2595 412 2629 nonnihil
446 2596 568 2630 Amor.
598 2597 655 2631 lib.
679 2598 719 2642 1,
744 2598 842 2644 Eleg.
864 2608 927 2642 VI,

250 2660 298 2682 vs.
321 2647 372 2682 26.
391 2647 525 2683 Hnms.

297 2714 368 2746 172.
388 2701 497 2735 Avidi
517 2714 628 2736 canes.
653 2703 772 2736 Avida·
797 2702 931 2737 Moreti

253 2759 289 2787 et
305 2752 416 2788 Servii
433 2753 567 2789 codices
585 2767 594 2789 ε
611 2752 660 2789 sic
676 2766 763 2799 saepe
782 2755 930 2798 Noster;

988 2025 1057 2060 vid.
1070 2025 1175 2060 Pont.
1187 2023 1245 2067 113
1263 2023 1359 2069 Eleg.
1370 2034 1426 2066 xx,
1445 2035 1533 2057 vers.
1551 2023 1604 2065 4ο.
1618 2021 1671 2056 H.

1037 2077 1107 2123 175.
1138 2078 1292 2120 Quasque
1313 2083 1410 2110 tenet.
1432 2075 1561 2108 Tenent
1573 2073 1669 2108 idem

990 2129 1103 2165 Servii
1119 2128 1247 2171 codex,
1265 2134 1299 2162 et
1320 2127 1431 2172 prima
1448 2125 1566 2161 editio.
1585 2126 1633 2160 H.

1038 2182 1109 2215 181.
1134 2182 1241 2214 Poma
1255 2185 1354 2223 paler
1372 2180 1515 2222 Pelop1‘s.
1536 2177 1670 2212 Tanta-

990 2234 1042 2268 lus
1058 2233 1220 2277 dignatus
1236 2232 1395 2266 Deorum
1411 2243 1551 2273 mensa,
1569 2228 1669 2264 Jovis

991 2286 1133 2334 mystica
1159 2284 1302 2330 protulit
1328 2282 1539 2318 mortalibus.
1559 2280 1670 2316 Unde

991 2338 1084 2383 apud
1107 2337 1234 2372 inferos
1251 2349 1324 2371 esse
1346 2334 1474 2369 meruit
1489 2332 1609 2368 sitiens
1630 2332 1669 2367 in

991 2390 1087 2434 aquis
1115 2388 1167 2423 ori
1195 2386 1432 2423 adlabentibus
1455 2396 1464 2418 ι
1487 2398 1504 2413 «
1528 2382 1669 2428 Quaerit

993 2455 1098 2486 aquas
1126 2442 1162 2475 in
1189 2441 1283 2486 aquis
1301 2465 1310 2482 ,
1340 2445 1376 2472 et
1406 2449 1511 2481 poma
1537 2435 1672 2481 fugacia

992 2501 1106 2539 captat
1129 2494 1296 2528 Tantalus
1320 2503 1328 2524 ε
1362 2489 1428 2523 hoc
1455 2487 1502 2522 illi
1535 2486 1672 2534 garrula

993 2547 1111 2592 lingua
1126 2546 1231 2581 dedit.
1247 2558 1263 2574 »
1284 2544 1377 2577 ZAR.

1042 2600 1113 2642 184.
1131 2599 1330 2640 Visceraque
1343 2596 1494 2628 adsidue.
1508 2593 1672 2628 Adsidua·

994 2654 1053 2685 avi
1066 2649 1173 2685 scribe
1191 2660 1270 2683 cum
1289 2646 1383 2681 libris
1400 2645 1558 2691 antiquis.
1579 2645 1628 2679 H.

1042 2718 1054 2738 1
1061 2704 1110 2748 87.
1128 2703 1298 2736 Tartareis
1309 2702 1482 2744 unguibus.
1495 2699 1673 2743 Anguibus

995 2755 1112 2789 Jureti
1126 2753 1255 2797 codex,
1272 2758 1307 2787 et
1322 2751 1422 2786 multi
1439 2758 1582 2786 veteres.
1601 2749 1650 2783 H.
