1794 3100
708 257 906 299 VITA.
1477 259 1536 301 83

108 351 344 408 amaverit;
371 367 491 416 quae,
526 360 579 396 ut
614 346 786 397 Plinius
814 360 858 397 et
881 347 1167 415 Tranquillus
1199 349 1426 409 scribunt,
1461 351 1536 399 ssa-

109 429 250 493 gravit
272 427 589 477 adulteriorum
623 421 827 484 infamia,
862 438 907 475 et
940 427 1142 476 damnata
1174 439 1240 475 est
1267 448 1275 476 ε
1304 447 1389 494 qua
1421 429 1472 477 de
1495 449 1540 478 re

109 506 172 556 sic
196 506 414 555 Sidonius
435 517 596 574 poeta:

374 606 422 641 Et
439 613 473 642 te
488 605 644 641 carmina
663 616 727 650 per
742 603 926 639 libidinosa

363 668 510 704 *Notum
522 694 532 712 ,
551 667 645 703 Naso
661 673 780 710 tener,
800 666 1004 711 Tomosque
1020 665 1183 708 missum,

377 729 571 774 Quondam
590 727 761 763 Caesareae
778 727 884 761 nimis
901 725 1023 772 puellae

372 789 475 826 Falso
493 789 640 825 nominc
657 788 838 823 subditum
862 787 1040 822 Corinnae.

113 867 253 932 Quod
275 886 366 916 non
392 867 591 924 videtum
619 867 746 933 quia,
778 866 900 915 si‘ita
919 877 1054 924 esset,
1080 867 1268 930 graviter
1289 878 1332 916 et
1361 868 1545 917 scienter

113 945 161 993 in
180 946 374 1009 Augusti
385 945 657 1012 majestatem
674 944 933 1012 deliquisset
953 945 1165 1004 Ovidius,
1185 966 1276 994 non
1289 983 1300 1004 ‚
1316 958 1367 994 ut
1380 947 1548 1012 ubique

113 1022 209 1089 ipse
232 1021 414 1081 scribit,
441 1040 520 1090 per
542 1040 734 1071 errorem
750 1060 761 1080 ‚
788 1034 832 1070 et
855 1023 1106 1072 inscienter.
1142 1025 1359 1072 Praeterea
1377 1062 1389 1082 ,
1416 1043 1546 1090 quani

115 1101 220 1150 ficto
240 1101 421 1150 nomine
445 1101 688 1149 Corinnam
711 1099 973 1167 adpellavit,
1005 1104 1200 1168 potitum
1224 1121 1270 1151 se
1294 1114 1480 1152 testatur
1502 1104 1550 1151 in

119 1180 387 1237 Amoribus,
413 1178 530 1227 libro
553 1177 721 1245 primo,
743 1177 868 1241 Eleg.
893 1192 939 1237 V,
966 1179 1114 1227 dicens
1134 1200 1144 1227 :

339 1275 486 1324 Singula
504 1276 588 1322 qnid
605 1276 782 1311 reseram?
797 1276 846 1311 nil
866 1291 937 1312 non
956 1277 1125 1322 laudabile
1143 1278 1232 1322 vidi,

387 1338 436 1373 Et
449 1338 584 1373 nudam
604 1338 713 1383 pressi
728 1350 856 1383 corpus
871 1338 914 1372 ad
933 1350 1041 1383 usque
1058 1351 1191 1373 meum.

341 1399 472 1435 Cetera
491 1400 568 1444 quis
587 1399 724 1435 nescit?
745 1399 820 1434 lassi
840 1399 1077 1445 requievimus
1093 1400 1207 1436 amhn.

390 1460 609 1496 Proveniant
625 1460 733 1495 medii
747 1461 796 1496 sic
813 1461 899 1495 mihi
917 1474 1006 1507 saepe
1025 1462 1109 1496 dies.

124 1541 297 1605 Quare,
323 1540 361 1588 si
386 1558 434 1588 ea
456 1538 524 1588 vel
546 1539 634 1589 filia
650 1579 662 1599 ,
688 1539 757 1588 vel
779 1541 952 1608 neptis,
983 1541 1051 1590 vel
1074 1542 1232 1591 ancilla
1263 1544 1469 1603 Caesaris,
1493 1546 1561 1594 vel

125 1636 411 1684 quaecumque
434 1615 517 1666 alia
539 1616 673 1666 fuerit
694 1618 756 1666 sic
778 1617 844 1665 illi
867 1638 986 1678 cara,
1010 1631 1063 1667 ut
1089 1633 1324 1686 propterea
1348 1621 1561 1670 Ovidium

126 1693 414 1756 relegaverit3
448 1713 538 1742 non
563 1712 701 1754 error,
724 1694 802 1743 sed
826 1694 968 1744 scelus
989 1695 1173 1754 fuisset;
1198 1713 1289 1745 non
1308 1697 1474 1746 inscius
1496 1700 1559 1746 vi-

124 1771 262 1820 disset
283 1772 473 1826 crimen,
501 1771 578 1820 sed
595 1772 737 1820 sciens
760 1772 948 1834 fecissetss
975 1772 1103 1820 Adde
1119 1811 1130 1831 ,
1163 1773 1287 1839 qued
1309 1774 1355 1821 in
1375 1795 1474 1823 eum
1496 1796 1562 1825 er-

125 1869 271 1898 rorem
296 1849 454 1898 incidit
476 1850 566 1916 jam
588 1868 744 1909 senex,
782 1850 1024 1899 Corinnam
1050 1869 1152 1899 vero
1179 1851 1352 1917 juvenis
1376 1856 1560 1913 amavit;

128 1927 189 1975 sic
213 1928 328 1977 enim
351 1929 405 1977 de
427 1948 473 1978 se
495 1930 617 1996 ipso,
645 1941 804 1996 quarto
825 1929 877 1978 de
899 1929 1035 1978 Trist.
1063 1928 1189 1992 Eleg.
1218 1944 1248 1978 X
1268 1951 1278 1978 :

349 2027 646 2074 (fluminaquum
664 2029 795 2075 populo
810 2029 970 2074 primum
985 2027 1151 2072 juvenilia
1167 2029 1235 2064 feci
1247 2056 1256 2073 ,

393 2090 508 2126 Barba
525 2097 657 2126 resecta
673 2090 761 2124 mihi
776 2091 870 2125 bisve
881 2116 891 2134 ,
909 2090 1059 2124 semelve
1076 2089 1154 2125 fuit.

351 2150 516 2186 Moverat
531 2151 715 2197 ingenium
727 2178 737 2195 ,
757 2158 868 2186 totam
882 2157 1020 2186 cantata
1036 2164 1099 2196 per
1115 2152 1240 2186 urbem
1259 2179 1269 2196 ,

398 2213 553 2249 Nomine
567 2226 641 2248 non
656 2227 740 2249 vero
756 2213 847 2249 dicta
866 2213 1026 2248 Corinna
1042 2212 1141 2248 mihi.

134 2295 223 2342 Nec
252 2305 365 2360 puto
394 2292 468 2340 hic
494 2307 614 2351 eam,
648 2293 774 2359 quasi
806 2293 1030 2356 gaudens,
1068 2293 1367 2353 nominasset,
1404 2295 1442 2343 si
1477 2296 1568 2360 ejus

133 2369 317 2418 miseriae
345 2381 388 2418 et
409 2368 550 2418 exsilii
575 2387 705 2417 causa
728 2369 896 2418 fuisset.
922 2369 1204 2418 Credendum
1229 2381 1344 2417 certe
1365 2383 1453 2429 est,
1490 2371 1567 2419 ali-

135 2446 244 2513 quid
265 2446 325 2494 ab
346 2446 511 2495 ovidio
527 2463 609 2513 per
625 2463 815 2493 errorem
838 2445 1002 2504 visum,
1027 2446 1367 2512 cognitumque,
1391 2458 1442 2495 ut
1459 2467 1567 2514 pro-

135 2536 286 2591 pterea
307 2525 363 2573 ab
392 2525 568 2573 offenso*
589 2525 797 2586 Augusto
824 2523 908 2572 sub
928 2523 1053 2572 Artis
1071 2523 1311 2572 Amatoriae'
1329 2524 1458 2591 culpa
1477 2527 1566 2574 To-

116 2655 118 2657 ,
136 2600 460 2665 mosrelegatus
478 2602 548 2651 sit.
571 2600 659 2649 Sed
678 2599 1017 2667 quidnamillud
1034 2601 1179 2658 fuerit,
1199 2612 1335 2668 quum
1352 2603 1452 2651 sciri
1470 2605 1566 2671 ipse

136 2679 354 2738 noluerit,
389 2680 692 2746 nequidquam
727 2679 966 2745 quaerimus
987 2700 996 2738 ;
1027 2679 1270 2746 praesertim
1304 2701 1466 2748 quum,
1510 2701 1564 2731 ne

137 2769 377 2823 quaeratur,
401 2758 463 2806 sic
485 2756 581 2824 ipse
598 2756 753 2822 jubeat
772 2778 782 2805 :
