1794 3100
249 256 327 298 158
674 256 726 298 P.
780 255 1024 300 OVIDII
1065 256 1250 301 VITA

238 349 378 397 Marti
406 348 549 396 Ultori
567 347 778 415 templum
818 350 1048 413 Augustus
1084 371 1165 400 suo
1199 350 1243 398 in
1279 352 1392 400 Foro
1430 351 1660 404 dicaverat.

240 424 377 488 Quod
401 422 541 471 valide
567 424 850 473 confirmatur
873 445 924 474 ex
948 426 1082 474 veteri
1112 426 1364 475 kalendario
1400 433 1411 452 ¹
1430 464 1441 485 ,
1476 421 1565 494 quo
1602 430 1655 478 ad

237 502 441 551 eumdem
458 501 573 549 diem
599 502 690 550 haec
715 503 942 564 signantur
963 523 972 550 ε
998 505 1122 551 LUD.
1149 504 1308 552 MAR'T.
1335 516 1385 552 IN
1409 517 1532 555 CIRC.
1564 509 1656 555 Nec

236 580 413 635 ibidem,
423 597 501 627 nec
515 578 611 627 aliis
627 578 978 627 kalendariorum
996 581 1249 643 fragmentis
1263 581 1319 629 ad
1333 581 1487 641 ullum,
1503 595 1661 650 praeter

236 655 361 705 illum
385 656 499 703 diem
521 655 615 704 ludi
639 668 851 704 notantur
874 657 1013 705 Marti
1033 659 1157 706 sacri.

300 735 363 781 Ut
386 752 488 781 vero
514 732 814 781 difficultatem
836 734 919 781 hac
942 735 985 782 in
1010 753 1056 782 re
1075 754 1126 783 ex
1146 734 1315 782 Velleio
1333 747 1499 784 motam
1522 736 1663 785 solvat

234 812 605 861 eminentissimus
620 812 825 863 Norisius
844 819 876 870 ²,
893 813 984 861 haec
1000 813 1176 878 quidem
1195 814 1357 876 regerit
1374 835 1383 862 :
1407 837 1429 857 «
1447 815 1660 878 Quamvis

238 912 260 931 »
288 888 484 937 Velleius
501 927 512 947 ,
539 889 727 937 Caninio
764 889 943 938 consule
973 889 1200 938 nominato
1219 928 1231 947 ,
1256 891 1468 956 templum
1502 892 1661 941 Martis

238 989 261 1008 »
291 966 539 1014 dedicatum
559 978 803 1023 recenseat,
827 985 919 1014 non
943 978 1089 1014 tamen
1113 978 1217 1032 post
1239 967 1323 1014 kal.
1343 967 1486 1015 Julius
1505 966 1520 992 ³
1542 968 1662 1017 dedi-

235 1066 259 1086 »
285 1043 400 1091 catio
424 1054 599 1108 peracta
624 1042 709 1090 fuit
740 1064 748 1091 :
778 1062 881 1091 nam
904 1042 1214 1106 gladiatorium
1237 1056 1406 1093 tantum
1430 1064 1590 1094 munus
1613 1065 1662 1096 ac
1734 1066 1740 1071 ⁴

237 1143 259 1163 »
288 1121 558 1168 Naumachia
581 1120 733 1168 eodem
765 1121 999 1170 consulum
1022 1121 1210 1185 collegio
1242 1123 1488 1186 signantur,
1513 1125 1662 1174 addita

239 1220 260 1239 »ι
290 1210 444 1264 postea
476 1199 629 1266 templi
661 1196 826 1247 ‘Martis
849 1201 1201 1258 consecratione,
1223 1220 1278 1248 ne
1303 1220 1394 1249 rem
1429 1203 1522 1267 ejus
1555 1203 1660 1252 anni

239 1296 261 1315 »
291 1275 616 1323 memorandam
651 1275 852 1329 omisisse
881 1274 1118 1324 videretur.
1147 1298 1169 1318 »
1207 1278 1269 1324 At
1295 1296 1431 1342 quum
1460 1277 1567 1325 mihi
1602 1279 1661 1327 sit

235 1356 492 1416 persuasu'm
509 1389 520 1409 ‚
543 1370 590 1399 ea
615 1351 861 1417 spectacula
883 1351 1148 1417 pertinuisse
1171 1352 1234 1399 atl'
1248 1352 1387 1418 ipsam
1411 1346 1562 1420 templi
1582 1354 1658 1402 de-

236 1429 521 1484 dicationem3
550 1429 650 1476 ideo
682 1429 767 1493 jam
802 1428 906 1476 olim
931 1428 1064 1477 malui
1089 1429 1254 1486 dicere,
1281 1429 1494 1479 Velleium
1524 1431 1657 1480 modo

232 1505 426 1555 voluisse
450 1525 497 1554 ea
522 1507 731 1571 temporis
752 1518 856 1554 nota
877 1506 1011 1555 Julioe
1032 1505 1366 1568 relegationem,
1394 1507 1446 1556 de
1468 1528 1553 1574 qua
1571 1508 1656 1557 hoc

234 1583 332 1632 loco
355 1584 574 1650 praecipue
594 1584 705 1647 agit,
731 1584 903 1646 signare
919 1621 930 1641 ,
962 1602 1011 1630 ac
1038 1583 1303 1645 significare,
1328 1603 1421 1632 eam
1443 1597 1547 1651 post
1572 1586 1655 1634 ista

235 1662 480 1728 spectacula
508 1661 769 1724 contigisse,
796 1681 931 1726 quum
958 1679 1115 1727 nempe
1148 1661 1234 1725 jam
1257 1663 1488 1724 Augustus
1519 1683 1543 1711 a
1567 1664 1652 1711 lcal.

233 1740 330 1788 Jul.
357 1739 423 1788 vel
445 1740 501 1787 ab
526 1739 621 1787 aliis
641 1739 993 1805 quibuscumque
1016 1739 1394 1797 antecedentibus,
1421 1741 1653 1813 Caninium

235 1816 448 1878 collegam
470 1817 514 1863 in
533 1815 764 1864 consulatu
786 1815 968 1863 haberet
984 1852 997 1869 ‚
1021 1826 1065 1861 at
1090 1828 1187 1863 ante
1203 1815 1448 1879 Septembris
1466 1818 1652 1876 exitum,

235 1913 466 1960 quousque
489 1913 569 1960 per
590 1913 725 1942 novem
749 1912 919 1941 menses
941 1891 1216 1940 consulatum
1243 1893 1428 1953 gessisse
1445 1892 1461 1923 4
1483 1894 1656 1943 videtur

232 1973 477 2033 Augustus.
495 1973 607 2034 Quae
621 1969 924 2035 interpretatio
941 1987 1124 2035 prorsus
1137 1967 1293 2016 velleii
1310 1971 1535 2019 contextui
1555 1990 1660 2033 con-¹

235 2059 437 2097 sentanea
453 2046 699 2104 videbitur,
724 2046 759 2095 si
779 2046 969 2094 animum
987 2045 1125 2094 lector
1142 2058 1358 2095 attentum
1379 2047 1431 2105 ad
1453 2049 1653 2099 eumdem

309 2134 325 2170 t
375 2162 384 2171 .

231 2135 443 2247 verlfiiam
461 2217 594 2264 porro
618 2196 917 2245 difficultatem
936 2197 1089 2262 objicit
1108 2198 1198 2246 Dio
1211 2237 1223 2253 ,
1246 2199 1337 2246 haec
1355 2198 1410 2246 ad
1428 2218 1498 2247 an.
1518 2199 1648 2248 U.·C.

277 2333 288 2353 ¹
314 2330 409 2366 Vide
426 2330 569 2365 Gruter.
585 2342 660 2375 pag.
681 2329 753 2364 133.

275 2395 291 2413 ²
316 2393 368 2427 De
393 2391 520 2427 Cenot.
539 2391 607 2425 Pis.
633 2404 708 2436 pag.
728 2391 798 2424 183.

275 2453 289 2475 ³
312 2455 344 2489 A
365 2454 488 2499 quibus
511 2452 680 2486 nimirum
701 2451 750 2485 Ill.
770 2450 825 2486 ille
846 2451 899 2485 vir
923 2459 1041 2487 censet
1058 2454 1214 2488 consules
1229 2451 1409 2495 suffectos,
1428 2452 1480 2487 his
1504 2453 1652 2498 Augusti

235 2503 451 2554 temporibus
462 2535 471 2553 ‚
488 2509 594 2543 fasces
615 2508 752 2554 gessisse
774 2515 975 2549 semestres;
1001 2509 1093 2554 quod
1111 2509 1147 2543 in
1172 2510 1355 2543 Fastorum
1370 2508 1573 2555 fragmentis
1589 2521 1651 2543 su-

234 2566 431 2612 perstitibus
451 2565 648 2608 videamus,
672 2567 859 2600 nonnullos
871 2565 903 2600 id
919 2578 1027 2611 genus
1041 2565 1197 2601 consules
1212 2565 1253 2599 ab
1270 2566 1393 2600 iisdem
1408 2565 1473 2600 kal.
1491 2565 1561 2600 Jul.
1575 2578 1653 2600 ma·

235 2621 417 2667 gistratum
433 2621 532 2654 inire.
554 2623 690 2655 Verum
705 2621 830 2663 exinde
852 2628 947 2656 certo
964 2621 1110 2656 minime
1124 2622 1279 2665 sequitur
1294 2648 1302 2664 ,
1321 2634 1386 2657 nec
1396 2622 1502 2657 etiam
1513 2620 1651 2656 aliunde.

234 2676 402 2722 probatur
413 2701 423 2720 ,
446 2676 539 2710 hunc
558 2689 694 2710 morem
710 2676 852 2722 singulis
870 2684 1069 2712 constanter
1081 2678 1179 2711 annis
1196 2677 1394 2713 obtinuisse.

279 2737 295 2760 ⁴
321 2736 413 2770 Vide
433 2736 515 2770 Jani
534 2736 723 2780 Templum
739 2762 749 2778 ,
775 2749 848 2781 pag.
870 2738 945 2782 327.
