1794 3100
468 285 560 331 DE
592 277 644 327 P.
681 274 939 328 ovmio
971 277 1270 324 NASONE.
1505 278 1593 339 395

819 389 937 446 1493.

216 495 386 543 Veneta,
411 493 467 532 Vl
484 519 497 540 ‚
519 491 707 545 Operum.
738 486 904 527 Venetiis
929 514 940 533 ‚
961 499 1031 539 per
1053 483 1364 538 Christophorum
1385 482 1431 521 dc
1450 482 1600 523 Pensis.

156 560 284 605 iri-fol.
306 580 365 591 --
378 559 545 606 Pamer,
570 564 665 596 tom.
692 555 754 593 Ill
772 582 784 603 ,
805 567 889 608 pag.
906 548 999 599 340.

213 631 406 680 Heroides
429 628 618 684 Epistolae
635 641 723 667 cum
746 630 951 666 comment.
970 622 1067 661 Ant.
1081 619 1218 660 Volsci
1237 627 1278 659 et
1292 619 1476 660 Ubertini
1494 620 1606 660 Cres-

153 700 374 743 ·centinatis.
397 698 495 738 Ace.
517 696 669 748 Saphus
686 693 878 746 Epistola
900 699 939 731 et
967 689 1060 730 liber
1086 689 1127 728 in
1153 688 1245 728 Ibin
1279 703 1367 728 cum
1399 696 1605 728 comment.

150 767 326 810 -Domitii
345 763 553 807 Calderini.
577 765 624 802 ln
645 762 721 801 fine
744 777 754 800 ι
777 779 796 796 «
822 762 876 800 Et
897 758 952 799 sic
979 764 1039 798 est
1066 755 1153 794 finis
1179 756 1294 810 hujus
1321 755 1448 809 operis
1467 756 1508 795 in
1526 770 1604 810 quo

160 837 244 876 haec
268 817 684 877 omnia-continentur,
710 836 787 868 etc.
806 826 927 877 Quod
946 839 1044 879 opus
1071 822 1235 863 fideliter
1255 822 1606 877 accuratissimeque

154 901 388 953 impressum
406 898 480 938 fuit
497 895 672 936 Venetiis
692 909 760 947 per
783 893 994 934 Martinum
1019 891 1066 931 de
1089 890 1252 931 Rovado
1275 889 1322 928 de
1351 889 1604 930 Lazaronibus

154 976 202 1008 et
219 966 550 1018 christophorum
568 963 615 1003 de
639 962 751 1017 qietis
774 961 970 1016 antignato
994 958 1110 1010 (sic)
1139 959 1440 999 Cremonensem
1464 958 1603 999 socios.

161 1035 217 1074 M.
233 1033 394 1074 CCCC.
418 1032 670 1073 LXXXXul
689 1059 700 1078 ‚
718 1041 793 1070 xlx
813 1027 976 1068 Kalend.
989 1025 1172 1066 Januarii.
1185 1027 1287 1066 Laus
1310 1026 1410 1065 Deo.
1429 1042 1454 1061 >³
1472 1024 1603 1066 in—fol.

164 1100 261 1140 min.
274 1122 330 1131 —
349 1100 515 1148 Panzer,
533 1103 632 1137 tom.
648 1097 722 1145 IV,
740 1110 825 1150 pag.
849 1095 941 1149 447.

218 1170 588 1222 Metamorphoseon
610 1167 696 1207 libri
717 1181 803 1207 cum
837 1172 1043 1206 comment.
1081 1164 1204 1215 Raph.
1239 1163 1364 1219 Regii.
1408 1162 1446 1203 V
1442 1163 1574 1202 enetizs
1588 1191 1602 1211 ‚

159 1249 229 1290 per
248 1235 438 1275 Bonetum
457 1234 689 1274 Locatellum
703 1232 884 1285 impensis
904 1230 1110 1269 Octaviani
1127 1229 1241 1268 Scoti.
1256 1227 1606 1278 in—fol.-Panzer‚

159 1307 262 1342 tom.
286 1302 346 1342 111
363 1329 377 1350 ‚
396 1313 487 1355 pag.
509 1297 602 1346 334.
625 1298 721 1338 Vide
744 1297 791 1336 ad
811 1311 898 1336 ann.
928 1296 1046 1351 1494.

216 1373 551 1426 Metamorphoses
573 1385 660 1410 cum
679 1369 840 1425 integris
853 1383 896 1409 ac
912 1366 1224 1409 emendatissimis
1238 1365 1439 1420 Raphaelis
1453 1365 1605 1420 (Regii)

165 1438 468 1480 enarrationibus
487 1446 527 1478 et
545 1436 844 1489 reprehensione
860 1435 1009 1488 illarum
1024 1435 1252 1489 ineptiarum
1271 1449 1280 1473 :
1299 1431 1435 1486 quibus
1447 1431 1603 1471 ultimus

103 1546 107 1549 .
164 1508 380 1558 Quaternio
397 1507 530 1562 primae
547 1506 726 1546 editionis
743 1504 815 1544 suit
836 1504 1072 1558 inquinatus.
1088 1503 1137 1543 In
1157 1502 1232 1541 fine
1254 1516 1263 1539 ε
1290 1518 1311 1536 «
1329 1500 1394 1539 Ad
1407 1501 1603 1540 lectorem.

168 1574 211 1615 Si
234 1573 326 1629 quid
346 1575 447 1614 forte
467 1573 678 1613 litterarum
700 1570 966 1612 immutatione
981 1599 992 1619 ‚
1013 1568 1312 1621 transpositione
1327 1597 1339 1618 ‚
1362 1567 1581 1608 inversione
1594 1597 1607 1617 ,

159 1640 430 1695 appositione,
459 1641 672 1680 omissione
688 1668 700 1688 ‚
731 1638 848 1680 aliave
870 1637 1137 1689 depravatione
1173 1634 1379 1675 offenderis
1393 1663 1405 1683 ‚
1434 1633 1607 1674 studiose

165 1706 289 1748 lector
314 1723 322 1745 ε
345 1706 386 1746 id
406 1706 656 1748 correctionis
675 1704 886 1746 difficultati
904 1704 1090 1744 adscribas
1107 1711 1222 1759 rogat
1237 1700 1374 1743 Simon
1387 1700 1605 1741 Ticinensis

158 1781 424 1828 cognomento
445 1773 659 1827 bibilaqua‚
689 1774 796 1826 cujus
816 1771 1003 1811 industria
1019 1770 1143 1821 Raph.
1164 1768 1310 1825 Regius
1332 1768 1373 1807 in
1388 1768 1463 1808 hoc
1481 1782 1603 1819 opere

163 1840 412 1880 describendo
434 1855 525 1879 usus
555 1847 614 1880 est
635 1837 807 1878 Venetiis
829 1838 1001 1891 principe
1028 1836 1180 1876 feliciss.
1200 1835 1424 1889 Augustino
1444 1834 1601 1874 *Barba-

161 1907 438 1962 dico-septimo
459 1906 551 1947 Idus
572 1905 814 1961 Septembres
834 1903 1183 1945 MCCCCXCIII.
1199 1922 1219 1941 »
1237 1902 1599 1950 in-fol.—-Panzer‚

159 1983 259 2016 tom.
288 1976 488 2031 111‚-pag.
514 1973 608 2024 340.

829 2044 946 2101 1494.

219 2134 247 2161 ⁴¹
267 2135 328 2174 De
351 2134 448 2175 Arte
470 2133 634 2174 Amandi
656 2142 695 2173 et
722 2134 768 2174 de
797 2135 984 2175 Remedio
1015 2134 1172 2175 Amoris
1195 2150 1282 2174 cum
1302 2141 1535 2175 commento.
1557 2134 1603 2172 In

163 2200 264 2258 fine:
290 2219 310 2235 «
334 2202 604 2242 Enarrationes
628 2201 668 2239 in
684 2200 868 2242 Ovidium
891 2202 937 2242 de
962 2202 1059 2242 Arte
1092 2201 1258 2240 Amandi
1283 2209 1322 2241 et
1346 2201 1391 2240 de
1414 2200 1602 2241 Remedio

166 2267 321 2308 Amoris
343 2267 545 2324 diligenter
568 2283 576 2306 :
600 2275 639 2306 et
661 2272 832 2308 accurate
855 2268 1084 2320 compositas
1105 2283 1125 2307 a
1145 2262 1434 2308 Bartholomae0
1457 2267 1605 2307 Merula

164 2335 388 2374 Mantuano.
417 2333 615 2384 Impressit
638 2333 809 2373 Venetiis
838 2334 896 2376 vir
917 2336 1036 2375 solers
1069 2343 1108 2374 et
1129 2333 1339 2374 industrius
1365 2335 1534 2372 Joannes
1557 2334 1603 2373 de

163 2399 330 2440 Tridino
359 2400 445 2440 alias
475 2399 683 2441 Tacuinus.
716 2399 836 2440 Anno
857 2401 985 2441 salutis
1017 2402 1074 2441 M.
1105 2401 1265 2442 CCCC.
1288 2398 1564 2442 LXXXXIIII
1589 2429 1602 2449 ‚

162 2462 285 2508 'tertio‘
295 2465 429 2518 Nonas
446 2466 563 2506 Maias
586 2481 595 2505 :
623 2467 694 2518 (in
716 2466 797 2507 aliis
821 2468 1092 2522 exemplaribus
1107 2498 1118 2518 ‚
1141 2470 1245 2508 tertio
1268 2467 1408 2507 Nonas
1430 2467 1603 2518 Julius.)

163 2533 390 2589 Augustino
406 2533 616 2574 Barbadico
634 2531 731 2574 duce
745 2534 898 2589 Inclyto
915 2549 957 2575 ac
972 2534 1221 2576 foelicissimo.
1237 2535 1261 2571 'n
1286 2534 1413 2576 in—fol.
1430 2557 1484 2565 —
1499 2535 1602 2575 Bibl.

162 2600 281 2640 Acad.
295 2597 542 2654 Heidelberg.

217 2670 543 2722 Metamorphosis
578 2686 665 2711 cum
698 2671 857 2728 integris
894 2688 935 2712 ac
971 2672 1281 2713 emendatissimis
1324 2673 1447 2728 Raph.
1488 2673 1602 2730 Regii

162 2738 464 2790 enarrationibus
479 2745 518 2778 et
535 2739 833 2791 reprehensione
847 2738 996 2779 illarum
1012 2739 1240 2791 ineptiarum
1259 2755 1267 2779 :
1286 2741 1424 2795 quibus
1444 2740 1600 2781 ultimus

163 2805 365 2858 'quaternio
386 2805 518 2859 primae
537 2805 715 2846 editionis
735 2804 808 2845 fuit
826 2805 1059 2860 inquinatus.
1083 2822 1136 2837 --
1157 2807 1452 2858 Praemittuntur
1467 2807 1596 2859 operi:
