1794 3100
201 260 288 306 226
654 261 703 303 P.
740 259 982 305 OVIDII
1024 262 1201 307 VITA

201 354 324 405 Idem
347 344 582 403 confitetur
597 391 618 414 r
636 373 684 403 ac
706 354 911 421 pluribus
934 355 1078 404 verbis
1099 356 1390 422 prosequitur
1414 358 1499 423 Ep.
1531 370 1623 415 xv,

200 451 310 482 vers.
337 431 455 480 3-20
469 470 481 490 ‚
508 432 587 480 ubi
606 445 648 480 et
669 433 868 499 Pompeii
891 433 1120 483 facultates
1141 446 1350 483 recenset.

743 546 841 559 m

427 655 535 690 Anno
556 655 597 690 C.
614 666 678 691 x1v
693 669 702 698 ;
721 656 768 691 U.
786 655 828 691 C.
845 667 1039 698 ncctan
1054 657 1174 692 Ovidii
1192 668 1251 691 ινι
1267 664 1302 692 et
1317 668 1404 692 mvn.

380 748 544 784 SEXTO
570 748 803 786 POMPEIO
822 776 832 793 ,
861 750 1026 787 SEXTO
1051 751 1276 789 APULEIO
1307 751 1443 788 COSS.

262 841 297 890 I'.
332 843 489 890 SEXTO
522 843 751 891 POMPEIO
770 844 858 908 jam
876 843 1107 893 consulatu
1130 843 1333 908 fungenti
1353 843 1556 910 Epistola
1588 858 1621 892 v

196 921 299 970 libri
319 922 383 968 IV
400 940 453 969 ex
475 921 624 968 Ponto
648 921 858 987 inscripta
873 933 952 970 est.
971 921 1142 969 Idcirco
1160 934 1422 970 necesse‘est
1437 959 1449 979 ‚
1468 920 1622 970 ut‘hoc

193 999 370 1047 ineunte
386 1011 502 1046 anno
526 998 784 1046 concinnata
805 998 959 1056 fuerit;
986 998 1053 1046 'vel
1079 998 1115 1046 si
1127 1003 1135 1023 ³
1149 998 1373 1065 superiore
1384 1007 1389 1024 ”
1404 996 1590 1048 exeunte
1600 1024 1621 1056 q

196 1074 380 1122 nonnisi
391 1086 537 1122 tamen
557 1074 643 1122 hoc
667 1075 721 1123 ad
743 1074 967 1123 consulem
984 1075 1241 1141 pervenerit.
1261 1074 1621 1124 Alterutruffiihr

201 1150 348 1197 dicant
363 1149 454 1197 haec
475 1149 627 1198 Ovidii
646 1150 849 1207 carmina,
864 1150 1027 1216 quibus
1045 1162 1187 1198 tamen
1206 1151 1331 1217 prior
1346 1157 1620 1200 sensuscon-

199 1227 442 1275 venientior
464 1227 573 1275 mihi
596 1227 769 1275 videtur
790 1247 800 1275 :

414 1325 466 1359 Ite
479 1351 488 1369 ,
508 1325 598 1359 leves
616 1325 725 1370 elegi,
745 1325 861 1360 doctas
881 1325 923 1359 ad
944 1329 1093 1360 consulis
1111 1338 1232 1366 aures;

461 1385 647 1430 Verbaque
664 1385 834 1420 honorato
850 1385 941 1419 ferte
961 1385 1108 1431 legenda
1123 1378 1207 1420 vim.

412 1448 531 1490 Longa
547 1450 606 1480 via
623 1453 673 1480 est
688 1460 695 1487 ;
714 1459 779 1480 nec
796 1458 855 1480 vos
873 1445 1017 1491 pedibus
1032 1446 1217 1491 proceditis
1230 1448 1336 1493 aequis
1348 1461 1361 1482 .;
1395 1468 1398 1470 -

463 1507 633 1551 Tectaque
645 1509 793 1541 brumali
805 1507 869 1541 sub
885 1510 958 1542 nive
973 1514 1066 1549 terra
1083 1508 1175 1542 latet.

421 1566 547 1611 Quum
564 1566 713 1612 gelidam
737 1568 909 1608 Thracen,
930 1574 978 1603 et
973 1575 1144 1612 opertum
1160 1568 1460 1604 nubibus-Mon
1473 1596 1482 1609 .

456 1627 503 1662 Et
518 1628 624 1661 maris
639 1628 730 1662 Ionii
744 1628 959 1662 transieritis
966 1641 1090 1673 aquas·
1081 1653 1092 1672 ,
1170 1674 1172 1677 v

421 1690 512 1723 Luce
527 1688 654 1722 minus
661 1690 799 1722 decima
810 1690 820 1709 ¹
841 1679 1022 1723 dbminain
1038 1685 1184 1723 venietis
1199 1689 1236 1723 in
1253 1689 1399 1732 urbem,
1439 1686 1441 1689 ”
1497 1686 1502 1695 ’

465 1749 520 1783 Ut
536 1738 738 1783 festinatum
751 1755 824 1783 non
841 1738 995 1784 faciatis·
985 1757 1074 1793 iter,
1094 1757 1157 1784 etc.

196 1829 366 1877 deind‘e
374 1845 482 1875 vers.
519 1828 664 1893 17-24
687 1827 929 1893 subponit,
948 1828 1045 1876 sore
1067 1839 1118 1875 ut
1139 1829 1402 1876 POMPETUS
1411 1816 1498 1894 jam
1517 1846 1620 1877 con-

197 1905 370 1955 sulatus-
388 1904 543 1952 officiis
570 1917 809 1992 occupatus
833 1906 912 1963 sit3
944 1925 1079 1972 quum
1104 1906 1162 1953 ad
1189 1925 1286 1954 eum
1305 1907 1397 1955 haec
1421 1902 1620 1977 Epistola

198 1983 475 2049 pervenerit:

402 2078 488 2113 Aut
506 2085 603 2124 reget
618 2078 672 2113 ille
689 2092 768 2113 suos
781 2106 790 2123 ,
809 2078 957 2114 dicendo
973 2081 1050 2124 jura
1065 2107 1074 2125 ,
1094 2081 1252 2125 Quirites
1265 2109 1275 2124 ,

462 2138 702 2184 Conspicuum
718 2140 823 2185 signis
838 2153 948 2185 quum
963 2149 1100 2187 premet
1120 2142 1207 2177 altus
1224 2143 1313 2177 ebur
1324 2169 1333 2186 ,
1351 2137 1416 2178 etc.

266 2220 324 2265 II.
351 2217 554 2283 Epistola
576 2223 629 2264 ‘VI
652 2218 894 2266 certissimo
919 2220 1128 2286 temporis
1151 2221 1397 2268 charactere
1422 2210 1620 2277 notatur,

198 2306 339 2343 morte
371 2294 578 2342 nimirum
613 2296 820 2360 Augusti,
868 2297 953 2343 hoc
989 2316 1104 2345 anno
1142 2297 1211 2346 die
1247 2297 1402 2353 sextilis
1433 2309 1514 2345 XIx
1548 2295 1621 2345 dess

242 2423 254 2442 ²
279 2421 417 2456 Scilicet
431 2414 622 2466 significat,
641 2420 831 2466 Epistolam
845 2449 854 2465 ,
872 2429 1055 2467 postquam
1071 2422 1105 2456 in
1125 2414 1259 2457 Italiam
1276 2421 1406 2467 perlata
1422 2420 1549 2465 fuerit,
1565 2423 1624 2456 de-

196 2488 266 2510 cem
283 2475 419 2510 circiter
436 2475 556 2509 diebus
571 2475 719 2520 potuisse
738 2477 920 2511 Brundisio
937 2476 978 2511 ad
991 2474 1128 2511 Urbem
1143 2476 1336 2521 pervenire.
1354 2477 1517 2510 Horatius
1532 2482 1624 2510 certe

198 2545 306 2577 quum
325 2532 391 2566 iter
405 2545 478 2566 non
495 2532 676 2568 festinaret
689 2558 698 2575 ,
717 2544 781 2566 XIV
799 2532 922 2568 diebus
939 2534 1054 2568 Roma
1064 2536 1283 2569 Brundisium
1294 2533 1415 2578 petiit,
1430 2533 1626 2577 utipsemet

197 2587 359 2622 describit
373 2587 430 2621 lib.
448 2588 465 2623 Ι
478 2614 487 2630 ,
505 2588 576 2623 Sat.
593 2599 626 2622 v.
646 2589 812 2622 Attamen
847 2588 972 2623 Cicero
998 2590 1180 2623 Brundisii
1206 2588 1336 2634 degens
1349 2614 1358 2632 ,
1383 2587 1561 2634 epistolam
1581 2586 1623 2622 ab

200 2643 318 2678 Attico
335 2643 458 2677 Romae
473 2644 636 2688 scriptam
650 2647 788 2687 septimo
801 2657 980 2679 summum
998 2644 1053 2678 die
1074 2644 1214 2688 accepit.
1231 2645 1374 2679 Etenim
1390 2670 1400 2687 ,
1418 2644 1466 2678 ait
1479 2669 1488 2687 ,
1505 2643 1562 2678 lib.
1580 2642 1623 2676 ad

202 2698 273 2733 Ait.
291 2698 361 2740 XI,
382 2698 448 2743 Ep.
466 2710 528 2732 xm
546 2712 554 2733 :
573 2714 589 2729 «
610 2699 738 2744 Accepi
753 2711 792 2734 v1
812 2700 875 2734 kal.
899 2701 996 2744 Sept.
1020 2699 1136 2734 literas
1152 2712 1173 2734 a
1187 2707 1221 2735 te
1238 2699 1333 2735 datas
1346 2711 1400 2734 xn
1418 2699 1482 2733 kal.
1502 2713 1519 2728 n
1549 2697 1621 2733 Nisi

199 2754 372 2789 mendum
384 2754 421 2788 in
438 2754 594 2788 numeris
613 2753 848 2790 existimemus
863 2756 1002 2791 cubare.
