1794 3100
475 233 566 279 DE
597 233 649 276 P.
682 231 940 277 ovlmo
971 229 1267 275 NASONE.
1494 230 1578 291 337

395 539 734 589 DANIELIS
769 537 1045 587 HEINSII
1075 511 1347 586 'ELEGIA

283 690 342 727 IN
374 689 648 727 NATALEM
682 688 724 723 P.
756 686 952 723 OVIDII
987 684 1241 721 NASONIS
1274 683 1455 728 DIEM,

458 810 505 836 AB
529 811 576 836 ΕΟ
598 809 796 835 Pnoxnnum
821 808 887 841 QUI
910 807 1066 833 RATAms
1089 806 1281 832 mmmwffi.

377 931 488 965 ANTE
502 929 591 964 duos
604 955 613 973 ‚
630 928 715 964 fulvi
731 935 911 963 vectorem
926 926 1062 969 velleris
1074 952 1084 969 ,
1101 932 1199 961 ortus
1209 952 1219 970 ,

418 990 479 1026 sol
496 989 581 1025 adiit
597 1002 605 1024 :
621 988 740 1024 medio
754 996 837 1023 nata
855 987 1020 1022 Minerva
1035 987 1114 1022 fuit.

375 1050 496 1086 Altera
512 1050 569 1085 lux
584 1050 698 1084 oritur
713 1048 810 1084 festis
825 1048 868 1083 de
886 1049 1042 1094 quinque
1059 1047 1233 1083 Minervae
1246 1073 1256 1091 ,

421 1111 469 1147 Et
483 1111 584 1146 Divae
603 1109 794 1156 auspicium
813 1108 902 1144 bella
918 1108 1063 1144 colentis
1078 1108 1194 1143 habet.

379 1171 473 1218 Quae
484 1197 494 1215 ,
513 1171 594 1206 licet
613 1170 754 1206 uberius
770 1169 925 1215 Pelignis
939 1169 1025 1204 favit
1041 1169 1200 1215 aquosis,
1572 1173 1590 1204 5

419 1231 598 1267 Romanas
615 1237 735 1266 tamen
750 1237 801 1264 est
814 1229 910 1265 inter
927 1229 1089 1264 habenda
1105 1229 1189 1265 dies.

376 1292 438 1328 Illa
452 1292 526 1327 dies
541 1291 642 1327 terris
658 1292 838 1328 Nasonem
853 1291 1021 1333 contulit;
1039 1290 1096 1326 illa

419 1353 524 1388 Sidus
537 1351 761 1388 inocciduum
779 1356 1060 1397 perpetuumque
1076 1351 1195 1387 dedit.-

377 1413 546 1449 Protinus
563 1412 696 1458 excepit
713 1419 916 1447 nascentem
937 1412 1066 1447 AEneia
1082 1419 1218 1457 mater«,

421 1474 470 1510 Et
485 1473 586 1520 pueri
600 1472 851 1509 cunasducere
867 1473 980 1518 jussus
1001 1473 1123 1508 Amor.
1149 1505 1151 1507 ,
1557 1486 1594 1507 ιο

376 1535 453 1572 Nec
467 1535 553 1570 lucis
568 1547 709 1570 memor
724 1534 795 1579 ipsa
816 1546 887 1569 suae
901 1560 909 1577 ,
929 1534 1091 1568 Tritonia
1106 1533 1205 1580 virgo

420 1595 548 1631 Adfuit
560 1622 570 1640 ,
587 1602 623 1631 et
643 1594 816 1640 Phoebus,
836 1594 1063 1640 Pieridesque
1079 1595 1176 1630 Deae.

379 1657 411 1692 E
429 1657 554 1703 quibus
570 1669 642 1693 una
656 1670 757 1692 soror
772 1658 844 1702 jam
862 1663 994 1692 motam
1006 1657 1145 1691 sustulit
1158 1669 1284 1691 urnam
1299 1671 1308 1700 ;

421 1716 542 1753 Altera
558 1717 607 1753 sic
621 1717 769 1752 monitis
783 1717 872 1752 illius
889 1729 967 1763 orsa
983 1717 1077 1762 loqui
1093 1730 1102 1752 :

376 1778 465 1814 Vive
481 1791 588 1825 puer,
607 1777 708 1822 dixit,
725 1786 931 1824 septemque
952 1778 1126 1824 adsurgite
1144 1786 1282 1814 montes
1299 1778 1306 1812 !
1556 1782 1593 1814 15

420 1839 547 1875 Infelix
565 1839 715 1875 Helicon
727 1866 736 1883 ,
758 1839 867 1886 gloria
883 1839 996 1885 prima
1010 1866 1019 1883 ,
1037 1839 1138 1884 jaces.

379 1900 529 1948 Ingenio
542 1901 658 1936 vincat
676 1900 876 1948 Tyberinus
890 1927 899 1945 ,
918 1899 1025 1935 vincit
1041 1907 1080 1934 ut
1095 1901 1200 1935 armis
1217 1914 1225 1935 :

422 1962 506 1998 Non
523 1962 631 1997 alium
649 1962 763 1997 Graiis
780 1961 851 1997 fata
870 1961 999 2006 dedere
1019 1975 1151 2008 parem.

376 2023 572 2060 Transtulit
589 2024 722 2059 AEneas
740 2024 808 2059 huc
824 2024 942 2071 Vestae
962 2037 1098 2060 numen
1117 2031 1152 2059 et
1169 2024 1267 2070 ignes
1284 2038 1293 2060 ε

424 2084 620 2120 Transtulit
634 2085 691 2120 ille
709 2085 806 2132 ignes
823 2085 912 2129 huc,
935 2084 1115 2133 Cytherea
1128 2112 1138 2130 ,
1158 2093 1245 2120 tuos.
1313 2119 1317 2122 ,
1554 2100 1596 2121 20

378 2145 483 2181 Alme
499 2158 586 2191 puer
598 2172 607 2189 ,
624 2147 794 2192 puerique
811 2159 936 2192 parens
948 2173 957 2191 ,
978 2146 1152 2193 adsurgite
1168 2154 1254 2182 nato
1270 2173 1280 2190 ,

428 2205 548 2241 Addat
563 2212 599 2241 et
616 2206 659 2241 ad
675 2206 782 2242 festos
801 2207 896 2243 hunc
914 2221 1054 2254 quoque
1075 2208 1190 2244 Roma
1210 2207 1315 2243 diem.

382 2267 444 2302 Ille
462 2266 670 2301 verecundis
687 2266 832 2303 dictabit
848 2269 955 2303 verba
971 2268 1094 2315 puellis
1105 2295 1115 2312 ,

429 2327 523 2372 Quae
540 2328 666 2363 scribat
681 2328 827 2363 domino
843 2342 989 2376 quaeque
1006 2329 1124 2365 relicta
1141 2343 1206 2365 suo
1222 2344 1230 2365 :

382 2390 455 2423 Aut
471 2395 588 2435 gemet
601 2389 636 2423 in
654 2388 788 2424 foribus
805 2402 878 2425 non
895 2390 1075 2426 exauditus
1094 2399 1231 2427 amator
1243 2418 1253 2435 ,
1554 2397 1596 2430 25

430 2449 503 2485 Aut
520 2449 673 2485 dominae
687 2449 821 2486 lentam
838 2451 1032 2487 sollicitabit
1049 2465 1165 2499 opem.

385 2510 432 2546 Et
450 2511 556 2546 modo
571 2512 747 2558 praecipiet
762 2539 772 2557 ,
789 2519 953 2548 tenerum
971 2514 1078 2549 modo
1094 2513 1192 2550 tollet
1207 2526 1367 2549 amorem
1385 2541 1394 2558 ,

424 2571 472 2607 Et
488 2572 615 2608 medici
637 2580 750 2619 partes
767 2573 970 2610 conciliator
986 2584 1075 2621 aget.
1102 2603 1105 2605 >

379 2633 485 2670 Nunc
498 2634 628 2680 species
644 2634 844 2681 formasque
862 2636 942 2671 alias
958 2636 1102 2672 inducet
1115 2663 1127 2681 ‚
1145 2643 1181 2672 et
1197 2650 1330 2673 aunum

425 2694 604 2742 Lapsaque
620 2696 684 2733 sub
702 2703 812 2734 terras
829 2703 974 2743 ortaque
990 2697 1088 2743 signa
1106 2704 1218 2734 canet.
1555 2701 1597 2735 30

332 2762 485 2809 VJJJ.
1296 2785 1350 2811 22
