1794 3100
263 278 352 322 256
763 277 1175 346 DISSERTATIO

260 371 511 433 Augustum
532 369 579 417 in
603 368 702 419 filiae
726 371 895 419 incestu
923 391 945 419 a
968 384 1099 438 poeta
1116 370 1403 438 ‘imprudente
1438 371 1678 440 deprehen·

260 471 356 501 sum
379 452 738 516 conjectarentur.
769 453 839 500 Ab
862 453 932 501 his
968 473 1046 516 ego
1079 452 1268 501 multum
1308 454 1529 503 dissentio.
1567 457 1680 504 Utut

261 535 375 582 enim
395 535 600 600 princeps
619 534 689 582 ille
709 535 898 601 primum
917 535 1123 584 adversus
1140 535 1344 586 libidines
1359 556 1511 602 parum
1529 536 1680 587 firmus

260 617 418 674 fuerit,
446 618 584 665 tutius
622 629 767 666 tamen
798 618 951 687 suisset
976 619 1083 667 tanti
1112 619 1315 667 facinoris
1346 620 1679 669 interventorem

265 699 512 765 opprimere
535 699 687 765 potius
703 737 714 757 ‚
742 718 871 766 quam
893 699 1033 749 exsilii
1056 700 1319 749 contumelia
1344 701 1513 750 irritare
1529 739 1542 758 ‚
1568 694 1611 750 et
1627 721 1679 751 eo

264 781 523 829 submovere
535 819 546 839 ‚
568 782 684 830 unde
699 782 838 830 tutius
856 783 969 830 forte
986 782 1271 831 malediceret.
1292 783 1454 831 Annon
1474 783 1588 831 enim
1606 801 1682 832 ve-

261 863 441 911 rendum
460 863 615 911 fuisset
628 900 639 919 ‚
666 882 720 911 ne
739 863 890 921 uxori,
913 882 968 911 ne
983 862 1133 911 liberis
1148 900 1160 921 ,
1184 883 1237 911 ne
1251 864 1399 911 amicis
1417 883 1587 912 causam
1606 865 1680 913 irae

261 945 464 993 Caesareae
487 944 714 993 discedens
742 944 976 1010 proderet,
1014 956 1056 992 et
1082 944 1144 992 sic
1167 955 1313 992 tamen
1336 963 1404 992 res
1428 947 1686 995 emanaret?

259 1027 331 1074 An
355 1046 434 1074 nec
466 1025 586 1073 Julia
622 1025 797 1091 quidem
831 1024 927 1091 ipsa
958 1024 1240 1087 relegationis
1276 1044 1363 1092 suae
1393 1025 1677 1089 ignominiam

262 1107 355 1156 ulta
370 1108 524 1156 fuisset
537 1107 689 1156 incesti
703 1105 946 1172 opprobrio
962 1107 980 1153 ?
1000 1105 1097 1153 vide
1110 1106 1370 1154 Suetonium
1382 1106 1435 1154 de
1446 1107 1650 1170 Augusto
1664 1130 1686 1167 ,··

261 1209 354 1256 cap.
376 1189 450 1236 65.
472 1190 545 1237 An
562 1207 641 1236 nec
659 1188 847 1236 Ovidius
866 1187 1042 1254 quidem
1059 1199 1163 1254 post
1179 1198 1364 1237 mortem
1383 1189 1573 1252 Augusti
1594 1189 1678 1239 tale

262 1271 369 1337 quid
404 1269 667 1319 eliminasset
689 1271 708 1318 ?
746 1271 928 1332 Ignorat
957 1268 1130 1331 ingenia
1163 1268 1440 1336 principum3
1481 1282 1524 1339 et
1555 1269 1677 1320 malae

260 1351 535 1401 eonscientiae
548 1349 920 1419 suspicacissimos
939 1363 1128 1399 terrores
1141 1359 1208 1409 ‚et
1219 1350 1342 1399 famae
1354 1350 1546 1400 indolem
1561 1389 1572 1410 ‚
1599 1353 1676 1419 qui

258 1434 343 1481 ista
367 1445 454 1480 tam
484 1432 608 1480 facile
634 1431 798 1489 credit3
834 1431 909 1479 sed
940 1443 991 1479 ut
1023 1431 1166 1480 adhuc
1189 1432 1371 1481 arctiore
1400 1433 1518 1482 nodo
1546 1452 1676 1482 cons-

261 1516 447 1577 tringam
471 1514 603 1578 hujus
623 1513 685 1561 rei
709 1524 945 1562 assertores
961 1549 972 1570 ,
1004 1512 1118 1560 addo
1145 1532 1154 1560 ε
1180 1513 1366 1562 Ovidius
1389 1526 1589 1564 mortuus
1610 1527 1678 1564 est

262 1618 377 1647 anno
397 1611 414 1645 Ι
430 1596 711 1664 Olympiadis
733 1614 820 1662 199
834 1633 845 1654 ‚
865 1595 1051 1662 septimo
1069 1595 1236 1655 exsilii,
1257 1597 1444 1646 testibus
1461 1598 1675 1657 Eusebio,

261 1681 530 1746 Hieronymo
567 1691 611 1727 et
642 1677 887 1740 Scaliger0‚
928 1676 1003 1742 qui
1028 1676 1183 1726 incidit
1206 1677 1252 1725 in
1285 1678 1461 1726 tertium
1493 1678 1674 1727 Tiberii.

260 1760 629 1828 septuagenarius
653 1778 756 1822 ergo
779 1759 1010 1821 Augustus
1033 1770 1122 1807 erat
1137 1796 1148 1816 ,
1175 1778 1309 1825 quum
1333 1758 1542 1822 relegaret
1564 1760 1678 1808 Ovi-

260 1844 396 1892 dium.
426 1843 542 1907 Quis
568 1853 710 1891 autem
737 1841 882 1889 credat
905 1859 1050 1889 senem
1073 1852 1158 1889 tam
1183 1841 1447 1907 prodigiosae
1480 1840 1677 1890 lihidinis

259 1927 392 1976 fuisse
407 1964 418 1984 ‚
443 1937 495 1973 ut
515 1943 594 1973 nec
612 1945 636 1973 a
653 1923 742 1972 filia
764 1923 939 1990 quidem
957 1923 1230 1971 abstineret?
1249 1924 1393 1986 Quem
1413 1924 1673 1982 Suetonius,

261 2026 352 2075 cap.
383 2026 436 2073 71
452 2045 464 2065 ,
484 2008 567 2065 ait,
591 2029 612 2049 «
635 2006 855 2054 infamiam
872 2004 1076 2070 juvenilis
1093 2005 1374 2071 impudicitiae
1391 2006 1614 2072 praesentis
1634 2018 1677 2054 et

263 2112 285 2131 »
314 2093 500 2156 posterae
533 2089 632 2136 vitae
662 2088 856 2136 castitate
880 2080 1103 2135 refutasse.
1132 2109 1154 2128 »
1185 2086 1303 2135 Julia
1328 2087 1454 2136 etiam
1477 2087 1566 2135 filia
1585 2089 1674 2153 jam

260 2183 351 2220 tum
376 2190 507 2237 supra
527 2170 906 2236 quadragenariam
929 2181 1044 2227 erat,
1073 2175 1089 2227 (
1109 2169 1240 2231 digna
1272 2168 1436 2217 scilicet
1470 2188 1600 2227 anus,
1626 2169 1673 2216 in

261 2273 344 2319 qua
379 2272 507 2301 senex
540 2251 816 2318 deperiretl)
842 2262 884 2298 et
907 2270 957 2298 ex
986 2250 1142 2298 Dionis
1169 2262 1376 2316 computo
1414 2251 1470 2298 ad
1508 2269 1670 2298 annum

264 2334 354 2399 758
373 2372 383 2391 ‚
405 2334 491 2399 jam
515 2345 613 2382 ante
639 2350 694 2398 27
721 2351 857 2380 annos
882 2333 927 2379 in
944 2331 1130 2379 insulam
1151 2331 1448 2379 Pandatariam
1465 2349 1562 2379 cum
1583 2331 1673 2379 filia

259 2435 337 2462 sua
358 2415 545 2477 relegata
562 2452 573 2472 ‚
609 2435 634 2463 a
672 2434 760 2480 quo
787 2425 981 2479 tempore
1015 2432 1239 2479 nunquam
1256 2451 1267 2470 ‚
1290 2411 1390 2460 licet
1414 2411 1668 2478 deprecante

259 2496 428 2562 populo
454 2534 465 2553 ‚
497 2497 542 2543 in
568 2497 749 2558 gratiam
771 2514 923 2543 rursus
947 2494 1158 2550 admissa,
1182 2505 1232 2541 ut
1261 2493 1394 2541 habet
1416 2493 1665 2541 Suetonius.
1682 2487 1703 2492 ⁵*

261 2578 416 2624 Mirari
435 2578 581 2644 itaque
605 2578 726 2626 subit
747 2589 832 2625 tam
851 2595 1035 2639 magnos
1057 2576 1257 2623 homines
1275 2575 1317 2622 id
1337 2574 1503 2622 facinus
1525 2573 1669 2641 suspi-

213 2717 219 2721 ,
261 2658 348 2706 cari
371 2659 581 2723 potuisse.
605 2659 800 2707 Dubium
821 2670 964 2706 autem
980 2656 1148 2704 nullum
1168 2668 1257 2713 est,
1281 2657 1386 2722 quin
1410 2655 1667 2721 turpissimae

263 2739 484 2804 opinionis
507 2750 658 2787 auctor
680 2739 788 2804 ipsis
805 2740 936 2787 fuerit
959 2738 1236 2804 turpissimus
1262 2736 1478 2799 Caligula,
1503 2735 1578 2802 qui
1595 2754 1667 2783 as-
