1794 3100
243 238 330 284 ·260
386 237 658 285 DISSERT.
679 241 760 284 DE
781 240 983 285 OVIDII
1003 240 1247 286 EXSILIO
1271 242 1351 287 ET
1375 243 1498 289 SEP.

239 333 318 381 lib.
343 335 430 383 XII
445 371 457 391 ‚
483 333 560 382 fol.
593 333 702 400 967,
736 346 932 400 tempore
959 335 1177 384 Frederici
1199 338 1289 394 III,
1314 338 1511 413 imperat.
1536 338 1653 390 aliud

237 414 358 464 illius
379 427 519 482 poetae
544 427 873 464 monumentum
909 428 1128 482 repertum
1165 418 1319 466 scribit
1349 421 1573 472 Sarwariae
1604 422 1652 471 in

235 497 455 559 Ungaria‚
484 496 605 562 quod
625 496 858 562 episcopus
875 497 1147 548 Jaurinensis
1175 499 1270 564 jure
1300 500 1538 551 dioeceseos
1564 503 1650 551 sibi

235 577 535 635 vindicaverit,
550 588 764 644 putatque
776 577 951 627 indultu
968 567 1421 645 impetrato-Ovidium
1439 602 1489 632 ex
1500 583 1648 633 Ponto

233 659 459 707 Sabariam
489 677 534 707 se
561 658 822 717 contulisse,
854 660 1006 726 ibique
1038 672 1260 709 mortuum
1297 681 1400 711 esse.
1440 664 1552 727 Quae
1579 683 1649 714 res

234 741 505 789 tantumdem
538 740 638 788 fidei
673 741 827 791 mereri
859 741 1053 801 videtur,
1078 756 1211 809 atque
1242 744 1351 793 illud
1368 782 1381 803 ‚
1408 746 1528 812 quod
1557 748 1648 796 Isa-

231 821 369 878 bella‚
390 823 539 885 regina
563 822 768 885 Ungariae
784 860 796 878 ‚
822 823 954 871 Petro
988 824 1160 888 Angelo
1191 827 1374 888 Bargaeo
1407 827 1648 877 ostendisse

231 903 442 952 calamum
476 916 727 966 argenteum
758 904 907 952 Ovidii
947 906 1135 954 traditur
1171 907 1391 970 Belgradi-
1409 920 1644 974 repertum.

229 986 561 1049 (Hoffmannus
580 986 626 1032 in
646 986 805 1033 Lexico
818 1023 830 1043 ‚
847 986 929 1034 sub
949 987 1128 1035 nomine
1143 988 1330 1050 Ovidii.)
1347 989 1430 1037 Sed
1443 1001 1494 1038 ut
1503 1009 1646 1040 meum

229 1086 431 1133 quoque,
456 1067 493 1115 si
515 1066 636 1133 quod
659 1079 749 1123 est,
771 1068 980 1132 judicium
1003 1069 1278 1135 interponam
1294 1107 1305 1127 ‚
1328 1070 1427 1120 ficta
1450 1072 1558 1120 mihi
1579 1073 1647 1120 vi-

225 1147 387 1195 dentur
401 1148 492 1196 haec
509 1148 654 1196 omnia
670 1167 680 1206 ;
704 1168 804 1196 nam
823 1161 866 1197 et
879 1150 1061 1198 Eusebii
1080 1151 1231 1216 opinio
1246 1188 1258 1208 ‚
1276 1153 1482 1201 Ovidium
1492 1146 1645 1203 Tomis

229 1230 450 1297 sepultum
461 1269 473 1288 ‚
498 1232 773 1297 antiquitatis
788 1233 1114 1298 praescriptione
1129 1252 1174 1281 se
1187 1245 1354 1293 tuetur,
1377 1226 1423 1283 et
1438 1236 1643 1301 majorem

223 1313 359 1361 habet
390 1313 479 1361 veri
503 1312 831 1360 similitudinem
855 1334 865 1361 :
894 1313 980 1360 vid.
1017 1313 1286 1376 Scaligerum
1313 1315 1359 1362 in
1380 1316 1636 1365 Eusebium.

225 1393 404 1443 Fabulae
420 1405 563 1442 autem
581 1394 851 1442 Lithuanicae
871 1394 1134 1443 incunabula
1151 1395 1274 1444 facile
1289 1396 1640 1462 deprehenderit,

229 1476 306 1542 qui
330 1475 609 1538 cogitaverit,
637 1494 725 1541 quo
750 1476 918 1524 ambitu
937 1476 1027 1524 haec
1043 1495 1148 1538 gens
1161 1496 1184 1524 a
1198 1478 1408 1526 Romanis
1427 1478 1640 1542 originem

226 1575 347 1605 suam
361 1574 573 1604 arcessere
586 1555 734 1604 soleat.
756 1556 868 1604 Vide
879 1557 1084 1605 Lansium
1095 1595 1106 1614 ‚
1127 1557 1326 1607 Consult.
1342 1577 1424 1625 pro
1437 1559 1638 1618 Polouia,
1659 1564 1662 1568 ’

225 1650 271 1687 et
291 1637 506 1705 imprimis
530 1638 840 1695 Michalonem‚
853 1639 1083 1701 Fragmine
1099 1651 1271 1705 quarto.
1292 1642 1383 1688 Nec
1394 1660 1557 1690 novum
1576 1654 1639 1691 est

223 1720 527 1787 supposititias
552 1720 864 1787 inscriptiones
885 1720 1051 1783 vulgari
1068 1734 1170 1787 post
1191 1722 1384 1771 fraudem
1404 1724 1538 1771 Annii
1559 1725 1636 1772 Vi-

226 1802 471 1850 terbiensis.
512 1802 604 1865 Qui
641 1814 784 1851 autem
814 1803 979 1850 Tomos
1019 1803 1152 1851 hodie
1182 1804 1304 1852 Baba
1327 1824 1351 1852 a
1371 1805 1527 1853 Turcis
1551 1806 1636 1854 dici

222 1895 402 1948 putant,
429 1884 641 1950 oppidum
661 1884 804 1931 adhuc
828 1885 1046 1932 munitum
1072 1896 1114 1932 et
1141 1886 1286 1951 capaci
1309 1898 1442 1951 portu
1470 1887 1633 1935 instru—

221 1976 341 2014 ctum
353 2002 365 2022 ‚
384 1979 461 2014 aut
477 1984 567 2014 rem
582 1984 662 2014 acu
680 1977 865 2028 tangunt
877 2003 888 2022 ‚
915 1978 990 2013 aut
1009 1966 1208 2032 proxime
1224 1966 1386 2015 absunt
1402 1987 1427 2016 a
1441 1969 1629 2018 veritate.

219 2045 341 2094 Situs
363 2047 477 2094 enim
500 2046 586 2094 loci
611 2048 834 2105 convenit,
861 2047 962 2095 licet
985 2067 1133 2096 recens
1156 2050 1350 2098 Danubii
1372 2049 1519 2099 tabula
1540 2052 1632 2100 To—

218 2145 316 2175 mos
336 2127 470 2193 paulo
488 2127 862 2177 meridionaliores
881 2128 1020 2177 faciat.
1058 2129 1145 2177 Sed
1169 2131 1363 2181 contenti
1389 2132 1524 2182 simus
1543 2132 1630 2181 hoc

222 2208 402 2259 Catone.

210 2329 232 2350 ⁸
274 2339 332 2378 N.
351 2341 399 2378 B.
415 2340 584 2394 Sequens
607 2340 796 2380 discursus
817 2341 946 2396 gallice
968 2343 1204 2394 conscriptus
1224 2342 1395 2395 probabit
1411 2358 1479 2385 uos
1500 2344 1539 2383 in
1558 2344 1630 2385 hac

219 2411 433 2464 quaestione
455 2412 635 2455 solvenda
656 2411 897 2453 difficiliores.
921 2415 997 2453 ΕΙ).

766 2541 1079 2557 w—
