1794 3100
580 230 787 273 PERJ.
822 225 1127 272 MASSON.
1489 243 1569 288 117

365 324 419 360 Te
438 322 525 358 duce
543 321 746 368 magnificas
763 322 858 356 Asioe
876 320 1113 367 perspeximus
1127 319 1231 354 urbes
1246 331 1254 352 :

413 385 585 418 Trinacm
600 382 611 404 ¹
629 389 682 417 est
697 381 803 417 oculis
821 388 854 416 te
873 381 959 417 duce
975 389 1058 416 nota
1076 381 1174 416 meis.

148 461 445 530 sequentibus
459 461 604 511 varios
617 460 879 528 Syracusani
896 460 990 524 agri
1007 460 1150 509 fontes
1170 469 1406 515 memorat,
1429 458 1568 519 signi-

145 538 335 610 ficathue
360 558 406 589 se
427 537 655 606 Syracusis
673 557 753 606 per
770 550 911 586 totum
929 537 1018 586 fere
1035 555 1197 584 annum
1217 534 1437 583 mansisse.
1457 535 1570 582 Nam

146 617 362 667 Arethusa
377 657 387 673 ,
414 617 543 666 istius
561 615 686 665 urbis
706 616 828 664 fonte
851 615 1073 682 descripto
1090 653 1101 672 ‚
1126 613 1273 671 addit,
1295 632 1405 661 vers.
1431 629 1492 678 29
1514 633 1523 660 :

364 732 434 768 Hic
450 732 537 767 mihi
555 731 700 767 labentis
717 744 795 778 pars
811 732 895 767 anni
910 743 1037 777 magna
1054 737 1191 776 peracta
1207 736 1269 764 est.

145 819 245 868 Hoc
267 837 401 886 porro
423 819 471 867 in
492 818 643 867 Asiam
664 818 748 867 iter
774 824 791 843 ²
808 818 1034 884 puerilibus
1050 817 1190 875 annes,
1212 815 1291 878 (id
1315 826 1381 864 est
1396 852 1407 872 ‚
1431 812 1563 880 paulo

142 907 248 961 post
270 904 418 958 togam
440 894 608 943 virilem
629 894 831 942 indutam
848 933 859 953 ‚
886 913 1023 960 quum
1047 905 1147 942 ante
1167 912 1257 940 non
1278 891 1468 940 solerent
1490 908 1567 956 pe-

143 991 266 1038 regre
285 973 538 1041 proficisci)
556 973 720 1022 factum
743 973 907 1022 indicat
929 972 1118 1022 Ovidius
1136 1010 1147 1030 ‚
1172 973 1290 1020 Fast.
1324 970 1402 1018 lib.
1428 971 1492 1017 Vl
1513 968 1566 1016 de

142 1053 288 1100 Vestae
312 1050 458 1100 Sacris
480 1070 612 1115 agens
628 1089 639 1110 ‚
665 1069 773 1099 vers.
799 1051 1013 1117 417-424
1031 1071 1039 1098 :

359 1153 499 1190 Caetera
514 1154 586 1199 jam
605 1153 742 1198 pridem
760 1153 864 1189 didici
875 1156 1060 1197 puerilibus
1075 1156 1201 1195 annis,-

402 1215 487 1249 Non
503 1220 622 1248 tamen
639 1213 769 1249 idcirco
783 1213 1027 1258 praetereunda
1045 1213 1143 1248 mihi.

361 1274 497 1310 Moenia
513 1273 735 1309 Dardanides
750 1286 867 1319 nuper
881 1286 973 1308 nova
989 1274 1120 1309 fecerat
1138 1275 1207 1309 Ilus
1226 1288 1233 1309 z

404 1335 476 1371 Ilus
497 1335 611 1370 adhuc
627 1335 719 1370 Asiae
739 1334 834 1369 dives
851 1334 999 1369 habebat
1017 1347 1109 1381 opes.

361 1395 530 1431 Creditur
543 1395 716 1431 armiferae
733 1398 863 1440 signum
879 1399 1011 1431 caelesle
1030 1396 1203 1431 Minervae

405 1457 513 1493 Urbis
530 1457 567 1492 in
584 1457 697 1493 Iliacae
714 1456 888 1492 desiluisse
906 1458 997 1503 juga.

364 1518 460 1554 Cura
477 1519 596 1554 videre
612 1519 678 1554 fuit
692 1522 785 1555 :vidi
795 1523 1010 1576 templumque
1024 1522 1204 1564 locumque.

401 1581 484 1616 Hoc
500 1589 657 1628 superest
673 1581 721 1616 illi
739 1582 903 1618 :Pallada
922 1577 1036 1617 Roma
1049 1589 1155 1617 tenet.

143 1663 308 1730 quibus
320 1663 432 1713 clare
451 1676 659 1721 testatur,
679 1684 725 1713 se
741 1665 847 1714 olim
866 1666 1022 1725 Ilium,
1049 1684 1126 1714 seu
1146 1664 1316 1731 Trojum
1333 1663 1541 1712 lustrasse
1554 1700 1566 1722 ‚

141 1741 294 1809 ibique
313 1742 506 1792 Palladis
529 1743 740 1810 templum
763 1745 945 1802 vidisse,
959 1745 1018 1816 'in
1044 1763 1132 1811 quo
1153 1763 1246 1791 non
1266 1741 1452 1809 amplius
1477 1755 1570 1791 erat

134 1819 364 1885 palladium
383 1860 395 1879 ‚
428 1821 516 1887 Jam
555 1821 727 1888 pridem
753 1824 906 1880 Romae
940 1832 1243 1885 consecratum
1270 1841 1279 1880 3
1318 1839 1568 1886 quanquam

144 1898 325 1958 Strabo,
340 1901 506 1950 Nasoni
521 1919 713 1959 coaevus,
736 1901 894 1950 scribit
917 1901 931 1926 ³
948 1940 960 1960 ‚
984 1901 1168 1950 Ilienses
1182 1919 1260 1949 sua
1282 1911 1405 1948 aetate
1425 1898 1570 1966 quod—

145 1976 244 2025 dam
265 1977 502 2043 palladium
532 1979 739 2027 habuisse
773 1990 920 2028 rectum
949 1990 1085 2036 stansf
1123 1998 1258 2046 quum
1289 1997 1341 2027 ex
1374 1979 1569 2026 Homero

145 2053 307 2102 sederit
329 2055 612 2122 antiquorum
633 2055 845 2106 Iliensum
862 2057 1049 2121 signum.

211 2131 328 2195 Quis
347 2132 479 2181 fuerit
501 2132 576 2180 ille
592 2133 754 2191 Macer,
779 2135 823 2183 in
848 2135 974 2200 cujus
992 2134 1202 2183 comitatu
1229 2132 1402 2183 Ovidius
1423 2131 1571 2180 Asiam

145 2207 452 2276 perlustravit,
479 2210 654 2258 difficile
677 2213 782 2260 satis
806 2211 1001 2260 definitu.
1023 2212 1230 2260 Profecto
1247 2211 1363 2259 idem
1381 2229 1474 2259 esse
1495 2229 1571 2258 ne-

147 2286 263 2352 quit,
287 2305 336 2334 ac
358 2286 575 2336 AEmilius
602 2287 775 2344 Macen
810 2290 886 2356 qui
919 2289 967 2338 in
988 2289 1245 2356 Hieronymi
1271 2288 1494 2337 Chronico
1519 2288 1571 2334 ad

191 2403 204 2422 ¹
227 2400 307 2446 Sic,
322 2403 378 2438 vel
400 2405 598 2444 Trinacria,
622 2404 810 2439 vocabatur
819 2405 955 2446 Sicilia,
978 2405 1106 2440 scilicet
1125 2419 1144 2440 a
1160 2406 1268 2441 tribus
1284 2407 1384 2453 ἄκροις
1396 2430 1405 2446 ,
1422 2403 1492 2439 sive
1502 2416 1580 2448 pro-

147 2459 336 2498 monlort'tlr,
354 2457 452 2493 sicuti
468 2458 520 2492 vel
535 2471 575 2492 ex
589 2459 717 2493 Nostro
730 2457 861 2493 discere
874 2466 943 2502 est,
957 2459 1047 2495 Fast.
1063 2459 1121 2494 lib.
1139 2461 1204 2503 IV,
1220 2473 1306 2494 vers.
1323 2460 1388 2506 419
1404 2471 1411 2492 :
1428 2473 1444 2488 «
1459 2459 1572 2493 Terra

145 2513 252 2544 tribus
267 2514 418 2555 scopulis
431 2519 566 2547 vastum
581 2513 755 2558 procurrit
769 2513 805 2546 in
818 2525 937 2558 aequor
958 2515 1138 2555 Trinacris,
1151 2527 1169 2548 a
1184 2514 1296 2559 positu
1305 2525 1439 2551 nomen
1453 2513 1578 2559 adepta

147 2563 228 2600 loci.
251 2580 268 2595 u

188 2622 205 2641 ²
227 2621 336 2657 Haud
352 2622 498 2659 absurde
513 2623 604 2659 intra
617 2637 752 2659 annum
767 2625 816 2660 U.
833 2624 874 2660 C.
892 2635 1069 2660 nccxxvn
1082 2632 1116 2660 et
1135 2635 1294 2660 nccxxxt
1305 2652 1315 2669 ,
1326 2626 1565 2662 collocaretur

146 2691 216 2725 quo
232 2686 390 2725 tempore
405 2682 581 2725 Pompeius
595 2682 715 2716 Macer
722 2682 835 2727 potuit
849 2681 892 2717 ab
910 2681 1068 2728 Augusto
1073 2688 1271 2726 procurator
1281 2683 1317 2718 in
1333 2683 1453 2718 Asiam
1464 2684 1567 2718 mini„

189 2733 203 2756 ³
224 2734 353 2782 Geogr.
370 2734 427 2771 lib.
443 2736 553 2779 XIII,
580 2750 653 2782 pag.
671 2738 747 2784 897,
766 2737 819 2772 ed.
839 2737 948 2772 Amst.
