1794 3100
602 205 728 248 PER
761 205 803 247 J.
839 202 1147 248 MASSON.
1531 225 1590 269 97

169 301 254 350 His
273 299 386 349 clare
406 297 593 357 indicat,
617 318 663 348 se
684 298 948 364 fratremque
964 335 976 356 ‚
1002 297 1230 346 duodecim
1248 299 1473 349 mensibus
1489 294 1600 353 natu

168 379 391 444 majorem,
405 377 556 437 eadem
574 376 643 426 die
663 376 826 433 Martii,
847 394 1002 443 nempe
1023 390 1085 424 xx
1102 383 1276 425 ¹natum
1289 396 1395 426 esse.
1418 380 1595 429 Etenim

167 467 251 504 XIV
270 453 436 503 kalend.
458 453 634 519 Apriles
657 459 673 477 ²
688 491 700 511 ,
727 471 803 501 seu
823 465 905 500 XIX
929 451 999 500 die
1035 452 1212 509 Martii,
1242 452 1484 520 incipiebat
1510 455 1599 504 Mi-

166 549 309 580 nervae
332 529 491 578 festum
506 567 518 588 ,
543 529 715 597 quinque
735 528 891 578 diebus
914 528 1183 578 celebratum
1202 567 1213 588 ,
1238 529 1354 578 unde
1384 530 1601 598 Quinqua-

167 611 247 659 tria
268 610 436 659 dictum
448 647 460 668 ‚
487 609 612 674 cujus
631 608 772 676 prima
791 608 884 657 dies
904 607 1126 658 sacrificiis
1145 609 1284 658 dicata
1299 647 1311 667 ‚
1336 610 1479 659 tribus
1496 631 1601 660 vero

169 685 461 753 sequentibus
478 683 742 748 gladiatores
759 685 806 732 in
822 684 1260 750 theatrocertabant;
1281 705 1329 734 ac
1341 686 1526 753 proinde
1545 707 1605 736 se-

171 764 317 813 cunda
341 763 442 812 festi
467 762 583 821 dies,
611 783 697 829 qua
717 763 838 811 Naso
856 775 1008 812 noster
1029 775 1309 830 procreatus,
1333 763 1474 830 prima
1496 764 1603 822 fuit,

172 859 268 908 quae
294 859 439 907 pugna
467 839 563 890 fieri
597 850 761 889 cruenta
788 839 961 889 soleret.
989 842 1053 889 Ea
1074 860 1177 890 vero
1202 841 1254 889 de
1278 841 1363 889 hoc
1386 840 1499 889 festo
1536 842 1605 890 di—

171 919 408 969 sertissime
425 931 557 986 poeta
573 932 749 977 narrat,
769 920 886 968 Fast.
905 918 982 967 lib.
1002 921 1092 979 ΙΙΙ,
1114 939 1222 968 vers.
1257 919 1474 986 809-814
1490 958 1502 979 ‚
1525 921 1607 969 ubi

173 1018 310 1065 quum
333 1010 433 1047 ante
455 998 509 1046 de
533 999 649 1046 lertzia
665 996 764 1063 post
784 997 894 1046 Idus
910 999 1093 1057 Martii,
1123 999 1211 1047 hoc
1230 1011 1297 1047 est
1314 998 1367 1046 de
1387 1012 1490 1047 XVII
1510 999 1578 1049 die
1594 1038 1607 1059 ‚

175 1077 383 1138 dixisset,
404 1076 526 1127 addit
546 1097 555 1125 :
1125 1065 1132 1072 ’

393 1188 478 1224 Una
493 1187 567 1223 dies
581 1185 699 1222 media
716 1193 768 1221 est
782 1212 792 1230 ,
816 1193 851 1222 et
865 1186 957 1222 fiunt
972 1198 1073 1222 sacra
1088 1187 1246 1223 Minerva*
1262 1201 1272 1222 ,·

439 1250 648 1293 Nominaque
666 1260 686 1281 a
703 1246 831 1291 junctis
847 1251 989 1292 quinque
1003 1250 1121 1282 diebus
1140 1247 1280 1283 babent.

392 1311 560 1355 Sanguine
574 1308 686 1354 prima
700 1314 817 1351 vacat,
844 1320 910 1343 nec
924 1307 976 1343 fas
991 1321 1201 1344 concurrere
1216 1309 1331 1350 ferro;

441 1370 579 1414 Causa,
596 1369 692 1415 quod
709 1376 760 1404 est
777 1368 833 1403 illa
851 1375 933 1404 nata
950 1369 1115 1404 Minerva
1134 1369 1200 1406 die.

391 1431 533 1476 Altera,
551 1437 688 1476 tresque
704 1443 810 1475 super
825 1436 933 1465 strata
948 1430 1171 1466 celebrantur
1187 1444 1312 1474 arena;

435 1491 588 1528 Ensibus
604 1491 745 1527 exsertis
761 1490 883 1526 bellica
902 1490 979 1525 laeta
994 1490 1072 1526 Dea
1088 1498 1150 1527 est.

242 1585 302 1635 V.
343 1583 510 1632 GENUS
533 1581 709 1631 tandem
731 1582 874 1630 nostri
900 1601 1033 1648 quam
1052 1581 1187 1630 suerit
1214 1580 1379 1631 clarum
1395 1620 1406 1641 ,
1441 1602 1525 1632 nos
1547 1583 1609 1632 la—

177 1672 267 1710 tere
286 1659 432 1710 noluit
457 1681 467 1709 :
487 1679 588 1708 nam
609 1659 746 1708 Trist.
772 1658 849 1706 lib.
871 1660 950 1716 IV,
972 1657 1097 1721 Eleg.
1119 1672 1176 1715 X,
1202 1676 1311 1707 vers.
1341 1677 1365 1725 7
1392 1671 1436 1708 et
1459 1660 1489 1706 8
1511 1680 1520 1708 :

394 1768 435 1803 Si
448 1767 536 1814 'quid
551 1774 587 1803 et
603 1780 621 1802 a
629 1771 767 1812 proavis
782 1779 891 1812 usque
907 1773 960 1801 est
975 1774 1074 1802 vetus
1090 1769 1218 1802 ordinis
1232 1769 1325 1802 heres
1334 1780 1349 1811 ;

443 1829 526 1864 Non
542 1827 647 1864 modo
665 1828 695 1863 F
696 1835 834 1863 ortunae
851 1841 1000 1863 munere
1015 1827 1128 1863 factus
1144 1841 1271 1874 eques:

179 1939 276 1988 quae
297 1919 481 1968 totidem
512 1918 603 1967 sere
635 1916 816 1984 syllabis
842 1917 932 1983 jam
964 1891 1180 1966 cecinerat
1215 1918 1364 1967 Amor.
1399 1918 1476 1968 lib.
1513 1922 1608 1978 ΙΙΙ,

179 1997 304 2060 Eleg.
332 2006 395 2046 xv
410 2035 422 2056 ‚
445 2015 555 2045 vers.
583 1995 612 2043 5
635 2008 680 2044 et
701 1994 730 2042 6
752 2015 762 2043 ε

399 2105 438 2140 Si
454 2105 538 2151 quid
554 2105 589 2140 id
609 2113 660 2141 est
673 2132 683 2150 ‚
698 2117 808 2151 usque
825 2117 844 2139 a
852 2108 993 2149 proavis
1010 2111 1109 2139 vetus
1122 2106 1250 2139 ordinis
1263 2107 1357 2141 heres
1367 2134 1376 2149 ,
1402 2124 1408 2129 -

442 2165 524 2201 Non
541 2165 649 2200 modo
666 2168 795 2200 militie
809 2164 951 2200 turbine
966 2165 1079 2201 factus
1090 2177 1210 2211 eques,·

181 2272 227 2309 et
243 2260 393 2309 Amor.
414 2258 490 2307 lib.
513 2260 562 2318 Ι,
585 2258 708 2323 Eleg.
735 2272 791 2307 ΙΙΙ
805 2297 818 2319 ,
840 2278 949 2308 vers.
981 2277 1004 2326 7
1031 2271 1076 2308 ct
1099 2259 1128 2307 8
1151 2280 1161 2308 ε

403 2369 442 2405 Si
461 2383 517 2404 me
533 2382 608 2404 non
626 2377 770 2404 veterum
784 2369 1036 2405 commendant
1051 2383 1175 2415 magna
1184 2377 1358 2415 parentum

444 2433 614 2474 Nomt‘na,·
636 2444 703 2465 nec
717 2431 831 2465 nostri
846 2431 1024 2476 sanguinis
1041 2437 1164 2466 auctor
1180 2444 1303 2476 eques,
1317 2438 1384 2466 etc.

229 2546 240 2565 ¹
267 2542 319 2578 Ut
336 2549 474 2578 certum
490 2543 555 2587 sit,
583 2555 644 2577 eos
662 2542 871 2587 interpretes
894 2554 1011 2576 errare
1036 2541 1095 2586 qui
1111 2552 1173 2575 xxr
1200 2542 1322 2577 Martii
1344 2540 1487 2584 dicunt3
1508 2544 1559 2578 uti
1579 2552 1615 2580 et

186 2598 268 2634 Ald.
286 2598 504 2642 manutium,
520 2598 632 2644 qui⁰in
650 2598 760 2632 nostri
774 2597 858 2631 Vita
874 2597 992 2632 scribit
1003 2622 1012 2640 ,
1027 2609 1109 2630 eum
1126 2606 1190 2630 x1v
1200 2598 1521 2641 kal.Apr1·l.natum
1533 2612 1617 2634 esse.

229 2656 245 2675 ²
270 2654 326 2690 Ad
342 2667 448 2700 quem
463 2667 604 2700 quoque
621 2654 715 2689 diem
732 2652 954 2700 quinquatria
970 2652 1177 2697 consignant
1194 2651 1392 2687 kalendaria
1403 2679 1413 2698 ,
1426 2660 1497 2689 tam
1513 2653 1618 2690 Gru-

189 2712 364 2747 terianum
379 2738 389 2755 ,
411 2724 487 2757 pag,
506 2713 566 2747 133
579 2738 588 2756 ,
607 2724 713 2756 quam
730 2709 1009 2745 vindobonense
1026 2707 1119 2755 apud
1136 2707 1374 2744 Lambecium.

355 2778 508 2827 VIII.
1349 2793 1373 2835 7
