1794 3100
568 221 695 265 PER
727 223 771 264 J.
809 221 1114 266 MASSON.
1478 230 1560 289 193

129 317 240 367 simo
262 314 482 364 Bucherio
509 320 520 339 ¹
547 314 691 363 visum
716 326 808 372 est;
843 314 1006 363 rectius
1042 333 1144 364 sane
1172 335 1303 382 quam
1339 319 1392 367 cl.
1431 322 1569 370 Nori-

129 396 197 445 εἰσ
221 400 236 419 ²
251 431 264 452 ‚
296 393 398 460 qui,
434 392 514 442 illo
535 393 678 441 Taciti
702 391 800 440 loco
834 393 1019 441 recitato
1035 431 1046 451 ‚
1086 393 1196 443 male
1222 396 1284 443 sic
1307 397 1533 449 concludit
1555 422 1564 450 :

128 472 269 539 Igitur
283 471 408 520 Julia
428 471 469 519 in
489 470 682 519 exsilium
703 470 915 535 deportata
930 472 1015 531 suit
1031 467 1109 519 an.⁴
1137 472 1194 520 U.
1222 472 1272 521 C.
1303 487 1486 524 DCCLXI.
1516 478 1567 526 ld

129 549 311 616 insuper
331 549 465 598 nobis
487 568 577 597 non
596 549 780 597 omnino
800 547 1026 616 displicet,
1051 550 1172 615 quod
1188 551 1437 601 ¹Bucherius
1458 555 1570 602 sub-

125 627 299 694 jungit,
325 645 425 676 cum
446 626 568 676 Julia
588 645 745 693 nempe
771 627 982 675 Ovidium
1010 647 1212 694 quoque,
1241 650 1321 679 ceu
1343 631 1569 681 adultero-

129 726 229 755 rum
252 705 545 765 sufflatorem,
570 716 646 754 aut
667 705 898 754 conscium
913 743 924 764 ‚
954 705 1009 753 ab
1034 706 1242 770 Augusto
1267 710 1437 758 Tomos
1462 730 1568 777 pro-

126 786 289 853 jectum
313 803 421 834 esse.

195 865 444 912 Innocuum
462 874 607 912 tamen
623 880 796 929 semper
813 881 859 910 se
874 874 1080 929 praestare
1097 863 1269 913 nititur.
1285 866 1416 915 Unde
1430 867 1565 915 Trist.

130 940 209 990 lib.
235 942 305 1001 ΙΙ,
330 941 470 1000 canit,
493 959 603 990 vers.
629 958 659 1007 9
684 952 729 988 et
758 957 814 987 10
835 960 844 988 :

347 1035 464 1070 Deme
483 1034 570 1069 mihi
585 1033 743 1069 studium
758 1060 767 1077 ,
785 1037 862 1068 vita·
877 1047 1016 1080 quoque
1030 1038 1172 1070 crimina
1187 1035 1307 1071 demes
1326 1050 1334 1070 ι

393 1095 590 1141 Acceptum
606 1094 724 1130 resero
741 1095 897 1130 versibus
914 1122 923 1140 ,
941 1108 1013 1131 esse
1031 1109 1175 1131 nocens.

133 1173 232 1223 Lib.
251 1175 298 1223 Π
317 1193 370 1223 ex
391 1174 522 1223 Pont.
547 1175 631 1240 Ep.
658 1186 708 1222 IX
725 1211 736 1232 ‚
766 1174 895 1241 Cotyi
919 1174 1031 1238 Regi
1047 1212 1058 1232 ‚
1082 1193 1191 1222 vers.
1219 1173 1371 1241 67-76
1394 1195 1403 1223 :
1463 1163 1466 1167 ⁴

353 1273 434 1308 Non
452 1284 519 1318 ego
535 1272 628 1308 caede
645 1285 776 1308 nocens
793 1273 830 1307 in
846 1273 994 1308 Pontica
1011 1272 1113 1308 litora
1131 1274 1234 1315 veni;

394 1332 545 1369 Mistave
561 1340 643 1369 sunt
662 1340 781 1369 nostra
798 1333 873 1368 dira
889 1346 1026 1368 venena
1049 1346 1178 1368 manu:

351 1393 428 1430 Nec
443 1406 522 1429 mea
542 1394 698 1439 subjecta
714 1393 871 1429 convicta
887 1401 939 1428 est
955 1407 1096 1439 gemma
1113 1394 1239 1429 tabella

399 1455 615 1492 Mendacem
631 1456 710 1492 linis
726 1456 928 1502 imposuisse
945 1464 1078 1491 notam.

349 1516 426 1554 Nec
441 1516 632 1564 quidquam
649 1545 658 1563 ,
675 1518 769 1564 quod
789 1521 861 1563 Iege
873 1525 967 1553 veter
979 1519 1224 1562 committere,
1242 1519 1321 1554 feci.

398 1579 447 1615 Et
463 1587 584 1615 tamen
599 1579 653 1615 his
670 1580 808 1627 gravior
821 1593 911 1614 noxa
926 1579 1071 1615 fatenda
1088 1580 1174 1615 mihi
1191 1587 1252 1615 est.

351 1641 449 1677 Neve
465 1654 566 1687 roges
586 1641 670 1687 quid
686 1641 749 1684 sit3
772 1641 915 1676 stultam
932 1641 1198 1686 conscripsimus
1210 1642 1347 1676 Artem:

396 1702 572 1738 Iunocuas
588 1702 689 1737 nobis
707 1702 781 1738 haec
797 1709 891 1738 vetat
906 1716 978 1738 esse
995 1715 1132 1737 manus.

352 1763 489 1808 Ecquid
506 1770 678 1809 praeterea
698 1763 871 1808 peccarim
887 1790 896 1807 ‚
915 1776 1073 1810 quaerere
1091 1764 1184 1798 noli:

391 1824 446 1860 Ut
463 1831 578 1871 pateat
593 1827 671 1860 sola
685 1824 787 1870 culpa
801 1825 865 1860 sub
883 1827 968 1861 Arte
984 1838 1073 1860 mea.

131 1905 250 1967 Lege
272 1915 315 1951 et
336 1902 471 1952 Trist.
499 1901 576 1951 lib.
603 1903 682 1960 IV,
707 1902 833 1966 Eleg.
859 1916 932 1961 IV,
957 1898 1067 1952 'vers.
1096 1902 1244 1966 35-44
1264 1944 1275 1963 ,
1299 1917 1380 1953 etc.

199 1982 324 2046 Quin
345 1981 476 2030 etiam
498 1994 542 2030 et
563 1982 705 2048 ipsam
731 1984 881 2031 Artem
898 1982 1173 2031 'Amatoriam
1205 1982 1311 2031 totis
1351 1983 1519 2033 viribus
1541 2005 1566 2033 a

134 2059 314 2109 crimine
331 2060 522 2109 vindicat
537 2097 549 2118 ‚
566 2060 703 2109 Trist.
720 2058 798 2108 lib.
824 2061 896 2118 ΙΙ,
918 2059 998 2107 ubi
1018 2079 1155 2126 quum
1178 2079 1239 2109 vs.
1261 2078 1288 2107 2
1303 2079 1318 2108 1
1335 2080 1352 2108 1
1382 2073 1425 2110 et
1443 2080 1498 2110 21
1511 2081 1536 2110 2
1551 2102 1562 2121 ‚

135 2138 317 2187 dixisset
338 2158 348 2186 ε

360 2219 481 2254 Altera
498 2232 576 2264 pars
591 2225 771 2264 superest,
789 2232 856 2265 qua
873 2219 965 2265 turpi
982 2220 1130 2255 crimine
1146 2228 1257 2257 tactus

400 2279 542 2326 Arguor
557 2280 709 2315 obscoeni
725 2280 847 2317 doctor
864 2280 1024 2316 adulterii
1039 2294 1046 2316 :

135 2372 266 2427 atque
290 2359 581 2427 sequentibus
599 2378 750 2407 causas
768 2372 1037 2419 enarrasset,
1059 2380 1138 2408 cur
1158 2362 1365 2423 Augusto
1383 2381 1473 2410 non
1494 2382 1566 2412 va-

137 2448 279 2486 casset
300 2438 452 2486 Artem
477 2434 598 2483 illam
618 2434 788 2498 legere3
813 2435 937 2485 addit
958 2454 1067 2485 vers.
1096 2437 1190 2503 239
1219 2456 1303 2503 sqq
1323 2456 1333 2484 :

356 2535 407 2570 At
424 2535 475 2578 si,
493 2534 588 2580 quod
604 2534 745 2569 mallem
760 2561 769 2579 ,
792 2547 918 2570 vacuus
931 2535 1074 2570 sortasse
1090 2535 1215 2570 fuisses
1230 2561 1239 2578 ,

401 2598 539 2632 Nullum
556 2596 692 2643 legisses
709 2599 832 2631 crimen
847 2596 884 2631 in
900 2597 985 2632 Arte
999 2609 1088 2631 mea.

183 2697 195 2716 ¹
219 2692 316 2740 Belg.
334 2692 440 2728 Rom.
457 2706 533 2739 pag.
554 2706 625 2728 102.

185 2756 201 2776 ²
223 2755 279 2790 De
297 2753 426 2789 Cenot.
444 2754 512 2789 Pis.
530 2767 604 2800 pag.
624 2755 697 2799 247.

302 2822 454 2869 ΠΗ.
763 2832 765 2834 -
1093 2858 1095 2860 .
1136 2787 1138 2789 ’
1225 2817 1274 2861 13
