1794 3100
267 248 348 291 106
695 252 745 293 P.
782 251 1019 296 OVIDII
1053 254 1235 297 VITA

257 352 300 388 et
318 352 444 402 togas
461 340 605 389 viriles
619 379 631 399 ,
651 342 790 391 fifisse
811 343 949 401 albas,
980 365 1028 395 ea
1047 346 1223 412 quidem
1246 346 1511 410 Quintiliani
1532 359 1574 396 et
1588 347 1667 397 Ci-

256 416 428 466 ceronis
453 416 569 475 loca,
597 419 760 484 quibus
786 421 1013 470 Manutius
1034 423 1180 470 minus
1204 423 1391 482 fidebat,
1415 423 1470 472 ad
1492 443 1669 476 examen

253 507 446 553 revocat,
470 507 520 543 ut
533 515 581 544 ea
597 495 664 543 illi
682 496 839 563 eripiat
860 505 890 546 ¹.
913 499 998 547 Sed
1014 499 1066 548 de
1076 499 1161 547 hec
1173 501 1362 550 Nasonis
1372 501 1472 551 loc‘o
1485 516 1668 570 prorsus

256 569 368 618 silet.
407 570 633 619 Addamus
653 572 812 634 igitur,
845 573 949 621 hinc
966 593 1057 622 non
1079 577 1219 639 magis
1241 576 1449 643 probari,
1474 578 1666 627 tunicum

255 644 715 695 laticlaviam'omnino
730 663 978 714 purpuream
1002 650 1136 699 fuisse
1153 689 1165 709 ,
1190 671 1321 717 quam
1343 653 1482 701 evinci
1509 666 1664 719 posse,

253 733 384 788 togam
399 724 594 788 puerilem
617 724 808 789 ejusdem
834 744 1010 792 quoque
1035 726 1195 776 coloris
1217 727 1350 777 fuisse
1364 766 1376 786 ‚
1397 747 1454 777 ex
1475 728 1667 796 eoquod

251 820 363 868 saepe
383 802 473 850 haec
496 804 638 868 poetis
654 822 841 869 purpura
861 804 1031 852 dicitur.
1074 805 1301 855 Manutius
1325 807 1420 874 ipse
1444 826 1542 855 cum
1568 807 1665 856 aliis

252 891 423 936 censet,
450 891 594 941 togam
618 880 731 927 hanc
745 917 756 937 ,
770 891 1015 945 praetextaru
1036 883 1198 948 passim
1222 882 1380 932 dictam
1393 921 1405 941 ‚
1427 883 1542 932 nihil
1559 901 1665 950 pur-

250 974 434 1021 pureum
469 955 674 1004 hahuisse
695 968 851 1022 praeter
885 957 1094 1015 limbum,
1124 959 1201 1025 qui
1234 971 1398 1008 vestem
1431 971 1666 1009 extremam

248 1031 492 1087 ambiebat,
512 1031 627 1079 unde
643 1042 862 1097 proetextoe
878 1051 1050 1082 nomen.
1072 1034 1196 1097 Quin
1214 1034 1341 1083 etiam
1353 1033 1539 1101 prolatis
1559 1033 1664 1101 plu-

246 1109 372 1157 ribus
397 1121 446 1157 ut
467 1109 510 1156 id
535 1109 740 1175 probaret
763 1110 872 1158 locis
888 1149 900 1167 ,
923 1111 1214 1177 objectionem
1239 1131 1292 1160 ex
1312 1112 1400 1161 alio
1425 1112 1552 1160 Statii
1577 1123 1664 1162 tes-

248 1186 433 1234 timonio
451 1224 463 1244 ,
494 1186 597 1234 huic
627 1187 846 1235 ovidiana
884 1189 1118 1254 persimili,
1149 1190 1330 1256 petitam
1361 1190 1423 1239 sic
1458 1188 1590 1238 solvit
1609 1195 1660 1237 ²:

252 1285 275 1305 «
301 1266 414 1313 Nam
437 1264 474 1311 si
497 1264 595 1330 quis
612 1301 623 1321 ‚
660 1280 796 1330 quum
834 1264 989 1328 legerit
1011 1283 1182 1315 versum
1205 1266 1333 1315 Statii
1356 1265 1472 1333 Sylv.
1494 1266 1574 1315 lib.
1598 1268 1656 1326 V,

251 1362 273 1383 »
302 1342 436 1406 (Car.
462 1355 522 1399 ΙΙ,
552 1361 662 1390 vers.
688 1342 747 1408 67
764 1344 816 1404 );

460 1435 535 1470 Nec
552 1435 673 1470 saltem
688 1437 817 1471 teneris
830 1443 964 1472 ostrum
979 1437 1111 1484 puerile
1127 1430 1261 1473 lacertis

463 1496 569 1531 Exuit
583 1509 591 1530 :

251 1593 273 1613 n
301 1582 471 1618 ostrum
506 1570 622 1619 dicat
655 1590 738 1637 pro
770 1583 861 1620 tota
893 1591 1091 1638 purpura
1124 1583 1332 1639 praetexta
1365 1581 1656 1637 usurpatum;

249 1669 271 1690 >›
297 1648 659 1715 respondebitur,
680 1662 828 1712 togam
849 1650 1026 1716 quidem
1044 1649 1276 1717 puerilem,
1297 1649 1345 1697 id
1362 1661 1659 1716 est‚4praetex-

248 1748 272 1769 »
300 1738 386 1774 tam
420 1727 631 1786 indicari,
658 1729 781 1793 cujus
809 1729 857 1777 in
891 1728 1030 1777 limbo
1059 1739 1232 1784 ostrum,
1271 1727 1319 1775 id
1350 1739 1439 1786 est,
1462 1745 1658 1795 purpura

247 1828 268 1847 »
295 1805 576 1864 cernebatur,
603 1826 694 1855 non
719 1819 862 1856 tamen
880 1808 966 1856 hoc
992 1807 1101 1864 dici,
1126 1819 1261 1855 totam
1282 1817 1534 1872 praetextam
1552 1825 1658 1872 pur-

249 1905 270 1925 »
296 1902 477 1949 puream
499 1884 647 1933 fuisse.
673 1908 693 1927 »

308 1959 430 2007 Idem
455 1960 507 2008 de
528 1959 729 2009 Juvenali
763 1960 1003 2026 Persioque
1038 1958 1270 2008 dicendum
1287 1995 1299 2015 ,
1338 1958 1415 2025 qui
1430 1975 1655 2023 purpuram

245 2054 326 2102 pro
348 2049 555 2102 praetexta
575 2048 864 2103 usurparunt;
885 2036 958 2084 ille
981 2037 1068 2085 Sat.
1092 2050 1147 2093 X,
1175 2054 1283 2083 vers.
1317 2033 1407 2095 154
1426 2053 1436 2082 :

481 2129 630 2175 Ingenui
648 2129 761 2164 vultus
773 2141 870 2174 puer,
887 2128 1101 2174 ingenuique
1117 2126 1278 2172 pudoris,

482 2189 613 2234 Quales
629 2202 701 2225 esse
718 2189 817 2225 decet
827 2216 836 2233 ,
855 2201 939 2235 quos
956 2188 1082 2223 ardens
1091 2201 1237 2232 purpura
1254 2187 1364 2222 vestit.

246 2266 444 2324 Persius,
470 2267 557 2315 Sat.
579 2280 625 2324 V,
646 2285 755 2316 vers.
783 2266 845 2314 30
866 2287 876 2314 :

484 2359 610 2405 Quum
625 2360 778 2406 primum
792 2359 916 2405 pavido
931 2366 1043 2394 custos
1056 2358 1143 2393 mihi
1153 2370 1298 2403 purpura
1310 2356 1420 2392 emit.

244 2439 387 2500 Igitur
421 2457 556 2504 quum
573 2457 761 2505 purpura
785 2437 1042 2505 simpliciter
1073 2448 1252 2485 vocetur
1283 2447 1385 2498 toga
1419 2442 1653 2501 praetexta,

246 2535 341 2583 quae
359 2516 405 2563 in
423 2528 614 2564 extrema
632 2518 800 2565 tantum
820 2535 894 2564 ora
913 2527 1152 2583 purpuram
1168 2524 1442 2580 praetextam,
1459 2523 1549 2588 slve
1567 2528 1654 2557 cu·-

245 2603 505 2639 eumtextam
529 2593 736 2650 haberet;
762 2592 916 2658 quidni
950 2591 1144 2658 potuerit
1157 2607 1343 2656 purpura
1368 2593 1546 2655 quoque
1567 2585 1654 2635 dici

289 2705 297 2722 ¹
324 2701 380 2736 De
398 2702 451 2736 Re
468 2702 645 2745 vestiaria,
662 2702 718 2736 lib.
736 2703 814 2745 111,
836 2714 907 2747 cap.
931 2714 980 2735 10.

286 2760 302 2778 ²
325 2758 442 2803 Qum.
462 2771 524 2803 per
542 2758 650 2803 Epist.
664 2757 719 2792 lib.
737 2758 792 2802 H,
811 2771 881 2802 cap.
901 2772 927 2791 1.
