1794 3100
255 203 312 259 24
623 208 674 249 P.
720 207 963 251 OVIDII
1007 200 1312 253 NASONIS

254 299 452 365 Quaeque
475 298 520 346 in
545 299 828 348 Adimantum
853 300 1043 350 Phliasia
1066 321 1199 365 regna
1223 312 1441 350 tenentem

317 374 390 421 Ab
415 375 525 422 Jove
548 388 780 433 venerunt,
806 388 848 424 te
871 396 1049 443 quoque
1068 377 1156 426 ‘tela
1181 388 1361 444 petant:

1613 391 1678 426 330

253 452 348 499 Aut
369 463 420 499 ut
442 453 725 501 Amastriacis
751 454 973 519 quondam
995 456 1179 503 Lenaeus
1202 454 1258 503 ab
1283 454 1372 502 oris

319 528 477 577 Nudus
504 530 699 579 Achillea
724 530 974 582 destituaris
996 531 1147 580 humo.

254 605 407 671 thue
428 605 494 654 vel
518 607 790 673 Eurydamas
815 619 880 656 ter
904 609 1067 657 circum
1088 609 1221 658 busta
1239 606 1460 675 Thrasylli

318 683 401 730 Est
426 682 636 732 Larisseis
659 696 814 750 raptus
835 685 892 733 ab
914 685 1043 734 hoste
1066 687 1175 735 rotis
1194 705 1223 743 ;‚

254 759 334 808 Vel
359 761 433 826 qui
458 781 553 828 quae
580 762 719 810 suerat
745 774 913 812 tutatus
935 765 1092 812 moenia
1117 784 1230 831 saepe

1613 775 1678 811 335

324 837 522 903 Corpore
544 838 748 887 lustravit
768 858 860 887 non
887 839 1095 888 diuturna
1118 860 1199 889 suo
1217 861 1226 898 ;

257 914 406 979 thue
428 923 602 962 novum'
616 935 744 982 passa
767 935 903 980 genus
927 917 1279 983 Hippomeneide
1300 935 1461 984 poenae,

323 992 509 1040 Tractus
529 992 575 1040 in
600 995 745 1041 Actaea
769 994 907 1042 fertur
928 994 1099 1043 adulter
1124 994 1260 1042 humo
1284 1014 1295 1052 ;

257 1069 350 1126 Sic,
376 1071 455 1118 ubi
479 1071 565 1118 vita
587 1084 689 1120 tuos
711 1072 851 1120 invisa
873 1071 1102 1137 reliquerit
1127 1083 1248 1119 artus
1263 1108 1275 1129 ‚

322 1147 503 1197 Ultores
524 1149 698 1214 rapiant
721 1160 849 1215 turpe
875 1149 1055 1198 cadaver
1074 1149 1188 1214 equi.

257 1258 316 1303 qui
341 1258 486 1293 Pisanos
509 1258 717 1294 cruciatibus
743 1259 935 1294 adficiebat.

258 1309 419 1344 Tandem
431 1311 465 1345 in
481 1310 654 1355 Alpheum
662 1311 808 1345 fluvium
819 1311 936 1346 Pisam

258 1361 494 1406 profluentem
507 1362 685 1397 demersus
696 1375 714 1396 a
725 1363 859 1397 Pisanis
870 1369 934 1404 est,

257 1415 285 1449 si
301 1414 533 1448 vetustissimo
550 1414 724 1449 credimus
741 1415 937 1459 interpreti.

260 1466 353 1500 Sunt
377 1474 494 1500 autem
525 1467 612 1500 Pisae
639 1467 734 1511 juxta
760 1466 936 1512 Alpheum

256 1519 350 1560 sitae,
370 1518 428 1552 ubi
448 1518 518 1552 ludi
537 1518 693 1566 Olympii
711 1519 936 1554 celebraban-

257 1577 324 1603 tur.
339 1569 444 1603 Forte
457 1569 592 1614 legend.
607 1569 662 1604 hic
673 1571 800 1614 :·thue
810 1572 936 1605 illesub

258 1620 646 1665 qu0‚etintelligendum
655 1621 696 1655 de
711 1622 936 1656 pantaleone.

259 1671 408 1706 Pausan.
425 1685 500 1717 pag.
513 1674 677 1715 240-242.
695 1673 831 1707 SANCT.

302 1724 378 1770 3²9·
401 1728 540 1768 Quoequc·
556 1727 590 1758 in
605 1724 834 1758 Adimantum.
848 1723 936 1758 Adi-

258 1783 419 1819 mantus,
440 1775 608 1822 Phyletiae
625 1789 684 1810 rex
697 1802 706 1818 ,
727 1772 842 1811 Ponto
856 1789 938 1811 con-

258 1828 387 1872 junctae
399 1854 407 1870 ,
425 1826 495 1861 sive
513 1827 525 1870 (
540 1835 576 1861 ut
595 1828 648 1861 alii
664 1827 808 1870 volunt)
827 1828 938 1863 Thes-

256 1881 347 1915 saliae
362 1907 371 1923 ,
400 1881 560 1914 Deorum
587 1888 811 1926 contemptor
824 1908 834 1924 ,
861 1881 936 1916 Diis

258 1932 450 1966 sacrificare
469 1932 639 1978 neglexit,
659 1931 711 1967 se*
720 1934 799 1978 ipsis
823 1934 939 1978 majo-

257 1997 335 2019 rem
351 1984 541 2035 piaedicans
560 1999 568 2025 ;
595 1998 701 2030 quare
722 1999 739 2019 a
757 1986 846 2020 Jove
865 1986 937 2020 ful-

201 2048 206 2052 '
259 2038 353 2072 mine
372 2039 458 2072 ictus
484 2038 628 2072 interiit·
654 2039 864 2081 Pausanias,
900 2038 937 2073 in

258 2091 493 2126 Corinthiacis
509 2118 518 2133 ‚
546 2092 655 2126 multa
669 2093 755 2126 scitu
771 2092 937 2137 dignissi-
964 2127 967 2131 ,

259 2157 318 2178 ma
334 2144 376 2178 de
398 2143 556 2178 Phliasiis
569 2143 732 2189 prodidit.

304 2196 379 2230 331.
403 2196 479 2229 Aut
501 2202 538 2228 ut
560 2197 798 2230 Amastriaczk.
820 2195 938 2229 Ama-

260 2247 338 2281 stris
355 2247 437 2281 urbs
454 2254 504 2281 est
521 2246 556 2280 in
577 2247 758 2290 peninsula
773 2274 782 2289 ,
806 2247 937 2281 habens

260 2306 381 2344 portus
395 2312 435 2333 ex
449 2305 593 2343 utraque
607 2306 704 2343 parte
715 2326 724 2342 ,
738 2312 843 2344 quam
854 2312 939 2333 con-

260 2350 347 2384 didit
366 2351 537 2385 Amastris
554 2349 718 2397 Oxyartis
735 2351 804 2384 fitia
817 2377 826 2393 ,
851 2364 938 2385 uxor

259 2401 422 2449 Dionysii
444 2401 586 2449 tyranni
603 2402 846 2437 Heracliensis.
869 2403 938 2437 Hic

258 2454 449 2500 Dionysius
468 2454 615 2489 Lenaeus
634 2453 745 2489 dictus
769 2462 820 2489 est
847 2469 855 2489 :
878 2456 938 2500 qui

260 2506 421 2551 expulsus
448 2518 466 2539 a
490 2506 694 2541 Mithridate
714 2533 723 2550 ,
747 2506 880 2552 aufugit
900 2508 936 2542 in

260 2550 421 2601 Ᾱχιλλέως
445 2561 551 2606 &piluma
572 2584 580 2600 ,
608 2558 774 2593 inlocum
795 2587 804 2603 ‚
830 2572 936 2605 quem

264 2610 420 2644 Cursum
449 2609 591 2643 Achillis
615 2610 789 2655 adpellant
807 2626 816 2652 ;
838 2613 896 2646 ubi
918 2625 937 2646 a

259 2661 327 2696 suis
346 2661 502 2696 desertus
515 2687 524 2704 ‚
548 2662 651 2706 periit
670 2664 768 2698 omni
789 2664 937 2700 destitu-

260 2721 316 2747 tus
332 2725 407 2757 ope.
427 2712 531 2747 DOM-

1613 1162 1681 1207 340

1045 1259 1119 1294 333.
1147 1260 1254 1303 thue
1277 1261 1336 1292 vel
1348 1259 1572 1304 Eurydamas.
1595 1259 1678 1295 Mos

1002 1311 1061 1345 diu
1077 1311 1168 1355 apud
1182 1311 1364 1346 Thessalos
1381 1310 1466 1353 fuit,
1485 1317 1524 1345 ut
1538 1310 1680 1346 interfi-

1001 1364 1169 1398 cientium
1196 1376 1342 1408 corpora
1370 1363 1459 1397 circa
1484 1363 1678 1401 occisorum

1000 1415 1182 1460 sepulchra
1196 1415 1421 1450 traherentur
1434 1442 1442 1458 ‚
1462 1422 1501 1450 ut
1517 1414 1680 1463 Euryda-

1002 1467 1130 1501 mantis
1146 1468 1305 1511 exemplo
1329 1474 1464 1502 constat
1478 1493 1487 1509 ,
1513 1467 1572 1511 qui
1588 1467 1679 1501 circa

1003 1519 1176 1567 Thrasylli
1193 1519 1209 1565 (
1223 1532 1330 1563 quem
1351 1518 1576 1554 interfecerat
1591 1518 1606 1561 )
1623 1525 1679 1552 tu-

1003 1572 1138 1605 mulum
1160 1584 1178 1605 a
1195 1570 1295 1605 Simo
1307 1597 1317 1614 ,
1349 1570 1522 1617 Thrasylli
1545 1569 1652 1604 fratre
1667 1596 1677 1613 ,

1002 1630 1130 1657 tractus
1146 1630 1198 1657 est
1211 1648 1220 1665 ‚
1241 1629 1384 1656 auctore·
1402 1621 1439 1655 in
1457 1621 1564 1656 XXII
1581 1620 1679 1656 Iliad.

1004 1676 1213 1723 Porphyrio.

1047 1729 1122 1764 335.
1141 1730 1205 1762 Vel
1209 1731 1269 1773 qui
1275 1741 1345 1773 quoe
1346 1727 1466 1772 fuerat
1469 1732 1599 1761 tutatus
1606 1739 1681 1761 ma·-

1003 1784 1062 1815 m‘a
1074 1793 1158 1824 ,νωμᾶ
1177 1782 1319 1823 Corpore
1341 1781 1496 1814 lustravit
1516 1792 1582 1813 non
1602 1780 1681 1812 diu-

1007 1840 1107 1866 turna
1122 1845 1192 1867 suo.
1213 1833 1356 1866 Hector.
1371 1830 1474 1865 Dom.

1047 1885 1122 1929 337.
1145 1885 1251 1928 thue
1267 1896 1384 1918 notrum
1390 1895 1500 1927 passa
1514 1888 1568 1916 est
1576 1893 1681 1926 genus

1003 1939 1186 1980 Hljopomen
1189 1940 1224 1971 ia
1230 1938 1588 1981 lpth1tll1ppomene1ua
1595 1948 1681 1970 non-

1004 1988 1090 2023 nulli
1099 1995 1240 2022 veteres.
1248 1987 1367 2022 Scribe
1377 2000 1384 2021 :
1393 2001 1410 2017 «
1420 1987 1539 2031 thue
1548 1998 1679 2020 novum

1003 2052 1098 2084 passa
1116 2052 1225 2085 genus
1244 2037 1525 2084 Hippomeneide
1541 2036 1646 2078 lethi,
1660 2050 1680 2067 »

993 2091 1045 2125 ad
1059 2092 1223 2126 Limones
1235 2090 1434 2125 adulterum
1444 2090 1541 2124 enim
1553 2088 1620 2123 hoc
1630 2087 1682 2122 di-

1002 2144 1137 2179 stichon
1148 2151 1199 2178 est
1210 2142 1438 2178 referendum
1448 2156 1457 2184 ;
1475 2142 1518 2176 de
1530 2142 1679 2176 Limone

1004 2203 1143 2230 acturus
1160 2203 1210 2230 est
1224 2195 1316 2229 infra
1331 2208 1417 2230 vers.
1427 2196 1512 2241 459,
1530 2201 1566 2228 et
1576 2205 1678 2228 versu

1003 2249 1161 2294 proximo
1172 2249 1263 2283 forte
1276 2247 1498 2283 scribendum
1509 2273 1519 2291 ,
1539 2248 1680 2280 Tractus

1004 2303 1192 2336 Erechthea
1207 2303 1304 2334 humo
1314 2327 1323 2338 .
1343 2312 1426 2334 nam
1443 2306 1578 2333 veteres
1595 2300 1680 2332 Tra-

1003 2360 1076 2388 ctus
1092 2359 1126 2386 et
1137 2352 1173 2386 A
1175 2359 1269 2386 ctoea.
1286 2352 1332 2386 H.
1351 2369 1395 2377 -
1411 2352 1679 2394 Hippomeneide.

1004 2405 1248 2450 Hippomenes
1273 2403 1494 2437 Athenarum
1520 2401 1680 2447 princeps

1003 2457 1091 2499 fuit,
1113 2456 1212 2499 cujus
1227 2454 1297 2488 filia
1311 2453 1349 2487 in
1364 2452 1535 2488 adulterio
1549 2453 1679 2498 depre-

1003 2509 1111 2544 hensa
1128 2515 1200 2551 est,
1221 2520 1239 2541 a
1254 2513 1351 2551 patre
1371 2506 1415 2540 ob
1433 2506 1542 2540 scelus
1559 2506 1678 2550 juncta

1002 2574 1094 2607 equo
1106 2574 1113 2595 :
1125 2560 1183 2606 qui
1194 2557 1372 2595 conclusus
1384 2570 1493 2602 quum
1507 2558 1678 2592 alimentis

1002 2619 1154 2654 careret,
1168 2611 1289 2645 dentes
1302 2609 1338 2643 in
1353 2609 1505 2654 puellam
1517 2609 1676 2653 conjecit.

1002 2663 1153 2698 Adulter
1162 2674 1245 2696 vero
1257 2674 1319 2706 per
1330 2661 1512 2706 regionem
1524 2660 1678 2695 Atticam

1002 2716 1045 2749 ab
1062 2714 1158 2759 equis
1174 2720 1302 2748 tractus
1318 2719 1378 2747 est.
1394 2712 1496 2747 DOM.
