1794 3100
707 249 730 291 I
741 249 775 291 B
789 248 810 291 I
823 246 852 291 S
861 280 871 290 .
1436 250 1489 292 35

69 346 132 398 Bt
154 363 251 412 quae
274 341 515 392 Penthides
536 340 640 389 fecit
653 375 665 398 ‚
685 340 906 406 fraterque
930 337 1128 388 Medusae
1142 377 1155 398 ‚

103 419 109 421 “
135 420 354 471 Eveniant
376 418 510 486 capiti
532 429 635 467 vota
656 417 834 466 sinistra
852 428 946 464 tuo.

74 502 134 550 Et
155 498 320 566 quibus
341 496 502 560 exiguo
525 494 716 545 volucris
738 494 895 542 devota
917 492 1071 541 libello
1094 505 1184 552 est,

127 578 344 644 ,Corpora
365 575 561 643 projecta
585 592 683 640 quae
706 592 785 622 sua
807 582 971 638 purgat
991 590 1119 638 aqua.

76 654 271 706 Vulnera
294 665 450 720 totque
469 652 602 710 seras,
623 662 738 718 quot
760 649 923 698 dicitur
941 649 1017 699 ille
1038 650 1192 700 tulisse
1208 690 1219 711 ,

142 733 283 799 Cujus
305 732 362 780 ab
385 729 551 780 inferiis
572 727 713 777 culter
737 728 890 776 abesse
915 727 1042 776 solet.

79 811 411 876 Adtonitusque
434 827 550 858 seces
566 842 578 865 ‚
602 819 653 856 ut
677 825 792 873 quos
813 804 1021 872 Cybeleia
1044 818 1183 854 mater

145 889 307 941 Incitat
330 887 384 936 ad
402 886 620 954 Phrygios
643 884 745 932 vilia
765 883 962 932 membra
983 883 1156 932 modos.

79 966 237 1033 Deque
260 964 356 1012 viro
379 963 460 1012 fias
482 981 564 1011 nec
586 961 749 1010 femina
770 978 852 1008 nec
878 960 967 1018 vir,
992 971 1043 1007 ut
1066 960 1200 1027 Attys
1215 998 1227 1019 ,

149 1046 212 1095 Et
233 1043 404 1111 quatias
427 1041 553 1090 molli
577 1053 784 1108 tympana
804 1059 936 1088 rauca
959 1057 1106 1088 manu.

85 1125 230 1191 Inque
253 1120 561 1190 pecus‘subito
583 1137 754 1182 magnae
777 1128 943 1166 vertare
963 1116 1159 1183 parentis
1179 1153 1191 1174 ,

132 1251 209 1298 449.
224 1246 525 1292 Pentheidessecit.
535 1247 717 1281 Penthides
729 1258 771 1279 ex

89 1303 246 1348 scriptis;
273 1314 339 1347 pro
354 1299 530 1345 fraterque
548 1295 711 1333 meliores
731 1294 773 1331 d'e

81 1355 222 1400 fiatre‚·
245 1366 337 1391 unus
352 1353 512 1387 Medulla
524 1379 533 1392 ‚
559 1363 678 1386 versus
699 1363 772 1384 ne-

92 1407 180 1444 mini
190 1406 395 1443 intellectus.
412 1404 676 1449 H.—.Soret1‘des
686 1401 775 1437 Gai—

43 1490 56 1500 .
87 1460 178 1496 lime
193 1473 202 1502 3
221 1461 264 1494 de
275 1465 374 1504 pam
387 1457 509 1492 Petav.
536 1454 625 1491 nihil
638 1454 696 1490 hic
709 1454 774 1488 in-

93 1511 223 1557 telligo.

84 1588 86 1590 v
146 1565 223 1609 451.
250 1563 303 1598 Et
327 1563 448 1607 quibus
472 1563 594 1604 eaee'gvo
618 1561 775 1593 volucris.

96 1615 258 1662 {melligo
275 1627 335 1651 eae
348 1613 634 1660 imprecationes,
651 1610 777 1656 quibus

95 1666 327 1714 Apollonium
349 1665 532 1701 Rhodium
558 1677 578 1699 a
604 1662 777 1698 Callima—

93 1719 187 1764 cho,
211 1719 277 1754 snb
297 1717 409 1754 ibidis
435 1716 583 1752 nomine
608 1715 777 1750 devotum

94 1782 169 1808 ese
185 1771 336 1806 diximus
349 1770 452 1805 initio
462 1769 593 1804 *harum
607 1767 779 1802 observa-

91 1823 246 1860 tionum.
265 1821 417 1859 Ovidius
435 1821 534 1858 enim
553 1821 689 1866 planius
709 1819 779 1854 de-

81 1876 248 1913 ‘aribert
261 1886 336 1910 non
347 1874 463 1920 potuit
473 1872 580 1908 ibidis
594 1879 757 1907 naturam
769 1897 779 1914 ,

98 1939 204 1974 mm
217 1933 381 1963 vena-em
399 1933 514 1962 rostro
531 1937 679 1971 purgare
696 1924 781 1958 soli-

95 1987 175 2016 um
189 1979 423 2026 prodiderunt
437 2004 447 2022 ,
477 1978 567 2014 Plin.
582 1978 642 2012 lib.
670 1977 758 2012 vul
772 2003 781 2020 ,

100 2045 176 2078 ουρ.
191 2033 258 2074 a„
280 2030 410 2068 AElian.
424 2031 486 2067 lib.
505 2031 582 2075 Vl,
607 2043 681 2076 cap.
704 2044 720 2076 7
739 2030 783 2064 de

106 2086 199 2120 niaae.
214 2084 353 2120 animal.
374 2085 532 2121 savae.

150 2137 226 2182 453.
240 2138 388 2171 Vulnera
401 2137 625 2182 totquefiras.
639 2135 696 2171 De
707 2136 786 2170 Με-

98 2190 217 2225 noetio
246 2188 411 2223 nonnulli
437 2189 636 2234 intelligunt
658 2202 667 2224 :
692 2188 785 2233 quod

104 2242 234 2278 falsum
243 2248 297 2276 est
307 2256 316 2283 ς
328 2253 413 2276 nam
425 2239 580 2286 loquitur
590 2241 635 2276 de
646 2240 789 2276 Osiride

108 2295 170 2341 qui
195 2295 233 2330 in
261 2297 304 2338 24
328 2301 444 2339 partes
467 2293 656 2340 discerptus
679 2294 747 2328 suit
769 2307 789 2328 a

103 2348 286 2396 Typhone
296 2347 407 2382 fratre
419 2359 428 2381 ι
440 2346 521 2381 huic
531 2353 685 2390 mortuo,
697 2358 792 2382 sacra

110 2401 270 2437 instituta
287 2400 436 2435 fuerunt
449 2399 491 2434 ab
505 2411 612 2433 uxore
624 2424 633 2442 ,
659 2398 696 2434 in
714 2399 794 2444 qui—

105 2455 178 2490 ·bus
192 2454 368 2502 piaculum
383 2460 435 2488 est
448 2479 457 2497 ‚
482 2452 636 2499 gladium
652 2463 736 2487 esse.
747 2452 793 2486 D.

157 2509 233 2552 455.
243 2509 489 2552 Adtonetusque
498 2518 602 2541 seces.
613 2506 696 2540 Mos
705 2512 793 2549 erat,

114 2568 156 2596 ut
167 2559 319 2609 Cybeles
336 2558 533 2596 sacerdotes
546 2558 657 2593 virilia
674 2568 797 2603 ampu-

116 2621 234 2650 tarent
244 2638 254 2658 ,
269 2613 348 2659 eius
363 2613 416 2648 rei
430 2624 570 2653 causam
586 2612 676 2647 hanc
693 2611 809 2647 tradit-

117 2665 318 2701 Lactantius
338 2664 504 2708 εΒεὼη,
526 2664 660 2708 inquit,
685 2669 799 2697 mater

117 2718 246 2753 amavit
258 2718 456 2752 formosum
471 2717 727 2752 adolescentem
739 2742 749 2760 ,
765 2723 800 2750 et

117 2770 274 2806 eundem
287 2778 369 2806 cum
385 2770 504 2816 pellice
518 2769 777 2815 deprehensum
788 2796 798 2813 ‚

834 1244 975 1279 exsectis
990 1243 1146 1278 virilibus
1159 1270 1168 1287 ,
1188 1244 1394 1280 semivirum
1412 1246 1493 1283 feeit
1510 1262 1517 1284 :

838 1306 874 1333 et
892 1311 990 1332 nunc
1007 1310 1026 1331 a
1043 1297 1153 1332 Gallis
1175 1298 1413 1335 sacerdotibus
1431 1314 1526 1337 sacra

840 1351 915 1396 ejus
930 1349 1163 1385 celebrantur.
1176 1352 1393 1397 —nCybelez'a
1412 1362 1528 1390 mater.

846 1401 980 1450 Cybele
1008 1415 1027 1436 a
1056 1407 1178 1435 monte
1205 1401 1368 1450 Phrygiae
1392 1417 1526 1440 nomen

839 1453 969 1496 habet,
1001 1454 1038 1487 in
1062 1466 1132 1498 quo
1156 1453 1337 1489 colebatur
1360 1469 1369 1491 :
1390 1456 1446 1491 alii
1471 1460 1528 1493 ἀπὸ

840 1509 984 1552 κυὸιστᾷν
999 1511 1055 1546 τὴν
1071 1510 1202 1552 κεφαλὴν
1214 1532 1224 1550 ,
1243 1506 1280 1541 id
1295 1515 1364 1551 est,
1378 1521 1396 1542 a
1407 1510 1528 1552 capitis

841 1558 1016 1592 rotatione
1031 1584 1040 1602 ,
1071 1558 1167 1604 quod
1191 1559 1375 1604 proprium
1399 1568 1451 1596 est
1473 1575 1530 1597 sa-

842 1609 1083 1644 cerdotum.—
1089 1611 1138 1644 Ut
1143 1615 1238 1656 queis
1249 1613 1407 1658 Cybeleia
1413 1621 1528 1650 mater.

846 1665 940 1707 Quos
955 1663 1083 1708 scripti.
1098 1663 1147 1697 H.
1163 1682 1208 1689 -
1227 1665 1386 1711 Cybeleia
1412 1675 1527 1704 mater.

847 1730 865 1745 «
883 1714 977 1750 Ades
991 1743 1001 1760 ‚
1026 1729 1048 1750 o
1073 1714 1206 1763 Cybele
1220 1742 1229 1759 ,
1256 1716 1329 1751 fera
1351 1719 1529 1755 montium
1601 1748 1603 1751 v

845 1767 924 1803 Dea
942 1794 951 1812 ,
984 1767 1065 1803 ades
1081 1795 1089 1808 ,
1118 1775 1155 1803 et
1182 1776 1330 1804 sonante
1361 1778 1531 1818 tympano

846 1827 951 1866 quate
967 1820 1117 1855 flexibile
1134 1829 1237 1866 caput
1253 1848 1262 1866 ,
1283 1822 1371 1858 latus
1388 1824 1532 1860 horreat

847 1873 985 1919 flagello
1001 1898 1010 1918 ,
1038 1874 1207 1909 comitum
1230 1875 1358 1911 chorus
1375 1877 1496 1914 ululet.
1514 1895 1531 1909 ν

849 1927 965 1961 Alfius
979 1953 988 1967 ‚
1014 1929 1147 1977 κόρδακα
1168 1928 1365 1977 ὄρχούμενοι,
1390 1931 1532 1967 [Πάθη.

849 1977 986 2024 Dialog.
1002 1978 1141 2013 XXVI.

893 2032 970 2077 457.
994 2032 1108 2076 Deque
1123 2035 1207 2065 viro.
1231 2031 1320 2079 Atys
1333 2059 1342 2077 ,
1361 2047 1380 2068 a
1398 2033 1533 2082 Cybele

849 2083 998 2118 dilectus
1012 2109 1021 2127 ,
1036 2084 1073 2117 in
1090 2082 1280 2130 Phrygiam
1302 2086 1382 2120 navi
1399 2086 1534 2123 delatus

851 2144 904 2172 est
921 2149 929 2171 :
946 2148 1016 2181 quo
1032 2136 1070 2170 in
1093 2135 1169 2171 loco
1188 2136 1358 2172 instinctu
1378 2140 1534 2177 numinis

853 2188 1020 2235 pudenda
1028 2187 1092 2223 sibi
1103 2190 1314 2235 amputavit,
1323 2192 1536 2238 comitesque

856 2242 1042 2290 Cybeleios
1057 2242 1205 2287 sumptis
1220 2252 1398 2278 sacrorum
1413 2245 1540 2282 insti-w.

855 2296 985 2331 mentis
996 2321 1005 2338 ‚
1016 2295 1154 2330 crotalis
1165 2323 1174 2340 ,
1192 2297 1367 2343 tympanis
1375 2324 1384 2341 ,
1397 2298 1488 2334 tibiis
1502 2308 1538 2335 et

856 2348 1022 2396 cymbalis
1035 2374 1044 2392 ,
1067 2347 1110 2382 ad
1126 2348 1202 2393 ejus
1216 2356 1311 2383 sacra
1328 2349 1538 2386 celebranda

847 2400 1016 2436 hortatus
1044 2407 1096 2434 est
1116 2426 1125 2444 ‚
1156 2407 1386 2446 mentemque
1415 2402 1538 2439 furore

857 2452 1062 2488 vexandam.
1079 2453 1171 2486 ΖΑΒ.

904 2506 978 2549 458.
997 2506 1104 2538 Molli
1114 2516 1224 2539 mauu.
1249 2506 1341 2540 Nam
1362 2505 1544 2554 illi'pecu-

860 2556 936 2590 liari
948 2556 1092 2590 nomine
1103 2581 1113 2599 ,
1125 2558 1242 2590 molles
1254 2557 1298 2592 ob
1309 2558 1541 2595 evirationem

863 2607 1080 2642 dicebantur.
1099 2607 1259 2645 SALvAG.

909 2662 983 2708 459.
1013 2662 1116 2706 Inque
1139 2674 1254 2705 pecus.
1284 2662 1450 2698 Atalanta
1477 2676 1544 2698 su—

865 2721 983 2760 perata
1000 2715 1043 2750 ab
1061 2715 1287 2761 Hippomene
1304 2729 1407 2752 cursu
1421 2744 1430 2762 ,
1448 2731 1547 2754 versa

866 2775 917 2803 est
940 2768 975 2802 in
1003 2768 1171 2812 leaenam,
1197 2770 1325 2805 marito
1342 2771 1379 2805 iu
1406 2771 1546 2806 leonem
