1794 3100
266 267 351 309 380
609 266 918 311 NOTITIA
942 268 1325 314 LITERARIA

326 358 549 406 catalecta
569 358 715 403 Ovidii
723 391 735 411 ,
763 367 806 401 et
828 359 910 403 alia
928 360 1127 421 quaedam
1147 364 1323 407 nomine
1345 378 1422 408 suo
1438 380 1666 426 suppresso

262 431 447 484 junctim
468 429 681 489 vulgavit,
708 432 1047 493 auctoribusque
1067 435 1155 476 suis
1174 437 1567 496 manuscriptorum
1582 453 1671 498 ope

261 515 459 559 magnam
474 497 644 559 partem
660 502 852 544 restituit
869 503 1112 548 Goldastus
1121 537 1135 559 ‚
1155 505 1357 550 Francos.
1385 506 1492 550 1610
1501 512 1523 560 ‚’
1538 509 1663 552 in-80.

261 571 311 613 In
344 586 393 614 eo
415 571 636 614 volumine
661 583 893 617 occurrunt
930 592 946 618 :-
978 576 1297 635 Epigrammata
1330 578 1580 623 scholastica
1610 579 1666 624 de

261 641 438 696 Virgilii
456 642 546 685 XII
568 641 690 685 libris
709 644 914 688 AEneidos
938 663 947 689 :
968 646 1163 706 Epistola
1181 647 1400 692 Ovidiana
1425 650 1665 710 Penelopes

263 712 318 755 ad
354 714 546 768 Ulixem,
585 715 736 759 Graece
770 716 945 761 reddita
967 735 990 762 a
1015 719 1172 763 Carolo
1202 721 1455 765 Utenhovio
1479 722 1664 767 :Ovidii

262 786 446 840 junioris
461 801 633 829 somnus
656 788 876 832 :Cornelii
892 792 1148 833 Maximiani
1164 791 1280 835 Galli
1300 806 1467 836 amores
1485 795 1573 838 sive
1594 810 1668 838 sex

262 854 493 914 elegiarum
523 856 720 910 libellus,
759 858 813 901 de
846 859 1007 919 quibus
1040 859 1129 904 dixi
1161 863 1316 921 capite
1336 864 1577 922 superiore.
1613 866 1668 910 In

262 928 453 986 exemplo
483 929 609 984 hujus
639 930 864 985 editionis,
894 933 1014 994 quod
1035 943 1172 978 exstat
1200 934 1446 995 Hamburgi
1477 937 1524 980 in
1547 936 1663 981 Bibl.

256 999 471 1053 Joannea‚
503 1003 632 1044 variae
667 1002 876 1047 lectiones
908 1021 931 1047 e
962 1008 1261 1067 manuscripto
1291 1007 1455 1052 Codice
1490 1007 1669 1064 adjectae

258 1079 359 1113 sunt
376 1088 507 1114 manu
522 1073 646 1116 Frid.
668 1075 955 1136 Lindebrogii
966 1110 979 1131 ‚
1002 1078 1163 1138 quibus
1181 1094 1270 1122 non
1284 1095 1421 1140 pauca
1437 1079 1668 1124 emendan-

254 1147 327 1194 tur
349 1149 393 1184 et
414 1143 675 1203 supplentur
697 1163 707 1189 t
729 1145 853 1190 Ofilii
877 1147 1073 1208 Sergiani
1099 1149 1249 1210 Elegia
1273 1149 1327 1194 de
1350 1150 1497 1211 pulice
1516 1168 1526 1193 ε
1545 1150 1666 1195 Alhii

251 1212 405 1258 ‚Ovidii
422 1216 448 1257 J
452 1218 648 1259 uventini
672 1219 807 1279 elegia
826 1219 880 1262 de
900 1220 1141 1264 Philomela
1167 1240 1177 1265 2
1201 1223 1227 1265 J
1231 1222 1312 1265 ulii
1333 1222 1509 1282 Sperati
1529 1221 1667 1282 elegia

255 1285 449 1338 ejusdem
467 1292 712 1348 argumenti
735 1309 745 1335 2
764 1293 986 1353 Pamphili
1000 1293 1275 1337 Mauriliani¹
1293 1294 1564 1355 Pamphilus,
1574 1294 1663 1338 sive

254 1355 309 1400 de
339 1367 430 1402 arte
465 1361 638 1404 amandi
668 1362 830 1423 Elegiae
859 1379 968 1409 anl
996 1384 1006 1410 :
1029 1367 1097 1409 De
1111 1366 1293 1419 Vetula,
1317 1366 1422 1410 libri
1445 1368 1543 1420 III,
1564 1381 1664 1410 cum

253 1431 374 1490 praef.
394 1434 551 1477 Leonis
571 1437 863 1480 Protonotarii
886 1457 895 1482 ε
917 1438 1046 1482 Bedae
1061 1439 1339 1483 Venerabilis
1356 1439 1502 1500 elegiae
1518 1441 1587 1493 II,
1607 1438 1662 1483 de

254 1505 421 1548 Cuculo
437 1524 446 1550 :
463 1509 648 1568 Benigni
664 1509 947 1554 Floriacensis
964 1511 1098 1572 elegia
1116 1512 1170 1555 de
1188 1511 1355 1556 excidio
1369 1514 1515 1567 Trojae
1532 1514 1664 1557 :Ber-

253 1577 427 1622 nardini
452 1579 622 1623 Cilaenii
643 1583 931 1637 Veronensis,
956 1586 1035 1643 qui
1056 1584 1273 1628 Friderici
1307 1586 1377 1630 III
1402 1587 1518 1646 Imp.
1551 1593 1666 1629 tem-

253 1650 433 1708 poribus
451 1653 580 1706 vixit,
607 1654 813 1709 Amores,
838 1656 885 1699 h.
911 1673 950 1700 e.
975 1656 1151 1700 libellus
1176 1656 1410 1717 elegiarum
1431 1659 1524 1701 sive
1545 1655 1667 1701 Oda-

253 1734 351 1762 rum
367 1735 483 1775 xxn,
510 1723 565 1766 ad
586 1725 613 1766 J
615 1725 770 1779 uliam,
799 1726 941 1769 editus
963 1735 1089 1770 antea
1105 1727 1185 1771 suh
1206 1727 1311 1771 falso
1332 1729 1510 1772 nomine
1527 1728 1667 1771 Fran-

254 1791 356 1834 cisci
369 1792 542 1836 Octavii
565 1796 776 1839 :Antonii
799 1797 934 1842 Codri
955 1798 1090 1843 Urcei
1111 1800 1395 1843 Bononiensis
1416 1798 1666 1859 Rhythmus

254 1862 325 1906 die
348 1863 395 1908 S.
420 1867 602 1910 Martini
622 1871 944 1929 pronuntiatus.
974 1873 1178 1930 Denique
1199 1870 1362 1914 claudit
1379 1871 1491 1914 hanc
1508 1869 1666 1913 collec-

252 1936 417 1979 tionem
438 1938 739 1983 Goldastinam
763 1940 899 2000 elegia
921 1944 1126 2002 Baptistae
1154 1944 1385 1986 Mantuani
1415 1942 1664 1987 Carmelitae

253 2018 402 2052 contra
418 2013 572 2054 Poetas
594 2012 815 2072 impudice
833 2013 1076 2072 loquentes.
1099 2014 1372 2058 Christianus
1389 2015 1598 2058 Daumius
1617 2014 1664 2056 in

257 2082 451 2142 Epistola
467 2084 521 2127 ad
535 2086 560 2127 J
564 2086 686 2128 oach.
706 2086 929 2129 Fellerum
945 2100 961 2116 ²
987 2105 996 2130 :
1022 2105 1042 2128 «
1060 2087 1267 2132 Vetulam
1287 2087 1659 2137 Pseudo-Ovidii,

254 2154 533 2212 Pamphilum
549 2167 591 2199 et
606 2156 695 2199 alia
706 2157 927 2217 opuscula,
950 2158 1183 2204 Goldastus
1199 2176 1243 2203 se
1259 2162 1453 2220 primum
1468 2175 1519 2203 ex
1532 2174 1665 2201 mem·

253 2225 398 2268 branis
433 2225 563 2269 edere
597 2236 716 2270 ratus
744 2237 805 2271 est
829 2246 838 2272 :
864 2238 907 2272 at.
937 2245 1014 2290 ego
1049 2231 1184 2274 habui
1219 2230 1432 2274 editiones
1461 2237 1662 2273 recenter

255 2299 429 2341 inventa
449 2300 741 2359 typographia
760 2309 879 2344 natas
894 2334 906 2355 ,
932 2298 1197 2345 membranis
1217 2301 1302 2345 illis
1317 2300 1444 2361 longe
1461 2299 1662 2344 meliores

255 2377 299 2411 et
316 2369 637 2430 locupletiores,
664 2370 769 2415 Ideo
789 2389 926 2432 quum
943 2374 1121 2418 Vossius
1141 2382 1184 2417 et
1200 2374 1273 2417 alii
1294 2372 1473 2426 exinde,
1500 2388 1595 2432 quae
1615 2373 1663 2414 in

299 2516 310 2534 ¹
326 2513 444 2558 Hujus
462 2514 665 2550 Mauriliani
681 2517 842 2551 meminit
858 2517 1109 2552 Guermundus
1126 2515 1378 2551 commentario
1394 2515 1431 2550 in
1447 2521 1556 2550 artem
1570 2514 1665 2550 Pris-

253 2568 353 2604 ciani.
373 2570 459 2615 Ejus
473 2584 558 2606 vero
578 2571 701 2618 elegias
719 2580 754 2607 et
772 2572 875 2608 libros
895 2573 937 2607 de
955 2574 1083 2608 Vetula
1099 2599 1108 2615 ‚
1137 2585 1222 2617 quos
1246 2571 1335 2617 ipsos
1358 2584 1497 2623 quoque
1515 2584 1533 2605 a
1550 2569 1663 2604 Mau-

248 2624 379 2659 'tiliano
394 2626 537 2671 scriptos
555 2628 717 2663 Bai-thius
737 2628 961 2674 conjiciebat,
980 2642 1060 2664 cum
1077 2628 1312 2673 manuscripto
1327 2627 1473 2664 contulit
1487 2626 1522 2660 in
1538 2624 1662 2660 eodem

256 2680 372 2715 codice
392 2681 653 2729 Lindebrogius.
1370 2686 1372 2688 V

223 2776 226 2778 a
295 2749 310 2767 ²
336 2747 392 2781 Jo.
409 2748 503 2782 Frid.
521 2748 647 2784 Felleri
663 2758 892 2786 monumenta
907 2751 1000 2786 varia
1015 2751 1165 2796 inedita,
1182 2750 1347 2786 trimestri
1363 2750 1415 2787 XI
1428 2774 1438 2793 ,
1455 2762 1529 2794 pag.
1541 2749 1617 2782 51¹·
