<?xml version="1.0" encoding="UTF-8"?>
<!DOCTYPE html PUBLIC "-//W3C//DTD XHTML 1.0 Transitional//EN"
    "http://www.w3.org/TR/xhtml1/DTD/xhtml1-transitional.dtd">
<html xmlns="http://www.w3.org/1999/xhtml" xml:lang="en" lang="en">
 <head>
  <title>
</title>
<meta http-equiv="Content-Type" content="text/html;charset=utf-8" />
  <meta name='ocr-system' content='tesseract 3.04.00' />
  <meta name='ocr-capabilities' content='ocr_page ocr_carea ocr_par ocr_line ocrx_word'/>
</head>
<body>
  <div class='ocr_page' id='page_1' title='image "./quaeextantomniao08oviduoft_0024.png"; bbox 0 0 1794 3100; ppageno 0'>
   <div class='ocr_carea' id='block_1_1' title="bbox 260 247 1317 302">
    <p class='ocr_par' dir='ltr' id='par_1_1' title="bbox 260 247 1317 302">
     <span class='ocr_line' id='line_1_1' title="bbox 260 247 1317 302; baseline 0.007 -13"><span class='ocrx_word' id='word_1_1' title='bbox 260 247 311 302; x_wconf 71' lang='lat'><strong>14</strong></span> <span class='ocrx_word' id='word_1_2' title='bbox 621 250 671 290; x_wconf 89' lang='lat' dir='ltr'><strong>P.</strong></span> <span class='ocrx_word' id='word_1_3' title='bbox 718 249 966 294; x_wconf 86' lang='lat' dir='ltr'><strong>ov1D11</strong></span> <span class='ocrx_word' id='word_1_4' title='bbox 1003 249 1317 295; x_wconf 80' lang='lat' dir='ltr'><strong>NASONIS</strong></span> 
     </span>
    </p>
   </div>
   <div class='ocr_carea' id='block_1_2' title="bbox 253 340 1390 410">
    <p class='ocr_par' dir='ltr' id='par_1_2' title="bbox 253 340 1390 410">
     <span class='ocr_line' id='line_1_2' title="bbox 253 340 1390 410; baseline 0.004 -20"><span class='ocrx_word' id='word_1_5' title='bbox 253 343 344 390; x_wconf 85' lang='lat' dir='ltr'><strong>Nec</strong></span> <span class='ocrx_word' id='word_1_6' title='bbox 364 340 477 389; x_wconf 89' lang='lat' dir='ltr'><strong>mala</strong></span> <span class='ocrx_word' id='word_1_7' title='bbox 497 360 604 390; x_wconf 89' lang='lat' dir='ltr'><strong>voce</strong></span> <span class='ocrx_word' id='word_1_8' title='bbox 626 361 722 391; x_wconf 89' lang='lat' dir='ltr'><strong>mea</strong></span> <span class='ocrx_word' id='word_1_9' title='bbox 745 343 920 410; x_wconf 86' lang='lat' dir='ltr'>possint</span> <span class='ocrx_word' id='word_1_10' title='bbox 942 355 1018 393; x_wconf 88' lang='lat' dir='ltr'><strong>tua</strong></span> <span class='ocrx_word' id='word_1_11' title='bbox 1040 356 1196 394; x_wconf 87' lang='lat' dir='ltr'><strong>cuncta</strong></span> <span class='ocrx_word' id='word_1_12' title='bbox 1218 346 1390 404; x_wconf 84' lang='lat' dir='ltr'><strong>referri,</strong></span> 
     </span>
    </p>
   </div>
   <div class='ocr_carea' id='block_1_3' title="bbox 258 417 1357 564">
    <p class='ocr_par' dir='ltr' id='par_1_3' title="bbox 258 417 1357 564">
     <span class='ocr_line' id='line_1_3' title="bbox 323 417 1191 488; baseline 0.005 -22"><span class='ocrx_word' id='word_1_13' title='bbox 323 419 416 466; x_wconf 87' lang='lat' dir='ltr'><strong>Ora</strong></span> <span class='ocrx_word' id='word_1_14' title='bbox 437 417 540 465; x_wconf 85' lang='lat' dir='ltr'><strong>licet</strong></span> <span class='ocrx_word' id='word_1_15' title='bbox 563 418 733 467; x_wconf 83' lang='lat' dir='ltr'>tribuas</span> <span class='ocrx_word' id='word_1_16' title='bbox 756 420 1048 488; x_wconf 86' lang='lat' dir='ltr'><strong>multiplicata</strong></span> <span class='ocrx_word' id='word_1_17' title='bbox 1069 422 1191 471; x_wconf 87' lang='lat' dir='ltr'><strong>mihi.</strong></span> 
     </span>
     <span class='ocr_line' id='line_1_4' title="bbox 258 493 1357 564; baseline 0.005 -23"><span class='ocrx_word' id='word_1_18' title='bbox 258 495 351 542; x_wconf 86' lang='lat' dir='ltr'><strong>Tot</strong></span> <span class='ocrx_word' id='word_1_19' title='bbox 376 493 458 541; x_wconf 88' lang='lat' dir='ltr'><strong>tibi</strong></span> <span class='ocrx_word' id='word_1_20' title='bbox 484 513 546 542; x_wconf 87' lang='lat' dir='ltr'><strong>vae</strong></span> <span class='ocrx_word' id='word_1_21' title='bbox 570 495 755 544; x_wconf 81' lang='lat' dir='ltr'><strong>misero!</strong></span> <span class='ocrx_word' id='word_1_22' title='bbox 779 497 958 546; x_wconf 88' lang='lat' dir='ltr'><strong>veniant</strong></span> <span class='ocrx_word' id='word_1_23' title='bbox 980 497 1178 564; x_wconf 84' lang='lat' dir='ltr'><strong>talesque</strong></span> <span class='ocrx_word' id='word_1_24' title='bbox 1198 499 1357 557; x_wconf 88' lang='lat' dir='ltr'><strong>ruinae,</strong></span> 
     </span>
    </p>
   </div>
   <div class='ocr_carea' id='block_1_4' title="bbox 256 571 1450 717">
    <p class='ocr_par' dir='ltr' id='par_1_4' title="bbox 256 571 1450 717">
     <span class='ocr_line' id='line_1_5' title="bbox 324 571 1450 643; baseline 0.004 -24"><span class='ocrx_word' id='word_1_25' title='bbox 324 573 389 619; x_wconf 86' lang='lat' dir='ltr'><strong>Ut</strong></span> <span class='ocrx_word' id='word_1_26' title='bbox 414 572 513 635; x_wconf 86' lang='lat' dir='ltr'>cogi</span> <span class='ocrx_word' id='word_1_27' title='bbox 533 572 579 619; x_wconf 90' lang='lat' dir='ltr'><strong>in</strong></span> <span class='ocrx_word' id='word_1_28' title='bbox 602 571 815 639; x_wconf 85' lang='lat' dir='ltr'>lacrymas</span> <span class='ocrx_word' id='word_1_29' title='bbox 837 594 906 623; x_wconf 91' lang='lat' dir='ltr'><strong>me</strong></span> <span class='ocrx_word' id='word_1_30' title='bbox 927 594 1103 641; x_wconf 88' lang='lat' dir='ltr'><strong>quoque</strong></span> <span class='ocrx_word' id='word_1_31' title='bbox 1128 594 1260 642; x_wconf 91' lang='lat' dir='ltr'><strong>posse</strong></span> <span class='ocrx_word' id='word_1_32' title='bbox 1284 588 1450 643; x_wconf 87' lang='lat' dir='ltr'><strong>putem.</strong></span> 
     </span>
     <span class='ocr_line' id='line_1_6' title="bbox 256 648 1300 717; baseline 0.006 -21"><span class='ocrx_word' id='word_1_33' title='bbox 256 648 348 697; x_wconf 84' lang='lat' dir='ltr'><strong>Illae</strong></span> <span class='ocrx_word' id='word_1_34' title='bbox 370 668 439 698; x_wconf 88' lang='lat' dir='ltr'><strong>me</strong></span> <span class='ocrx_word' id='word_1_35' title='bbox 462 649 660 717; x_wconf 86' lang='lat' dir='ltr'><strong>lacrymae</strong></span> <span class='ocrx_word' id='word_1_36' title='bbox 682 651 843 699; x_wconf 87' lang='lat' dir='ltr'><strong>facient</strong></span> <span class='ocrx_word' id='word_1_37' title='bbox 867 652 961 701; x_wconf 90' lang='lat' dir='ltr'><strong>sine</strong></span> <span class='ocrx_word' id='word_1_38' title='bbox 979 652 1066 701; x_wconf 85' lang='lat' dir='ltr'><strong>fine</strong></span> <span class='ocrx_word' id='word_1_39' title='bbox 1087 652 1269 701; x_wconf 83' lang='lat' dir='ltr'><strong>beatum</strong></span> <span class='ocrx_word' id='word_1_40' title='bbox 1290 674 1300 702; x_wconf 93' lang='lat'>:</span> 
     </span>
    </p>
   </div>
   <div class='ocr_carea' id='block_1_5' title="bbox 324 725 1241 778">
    <p class='ocr_par' dir='ltr' id='par_1_5' title="bbox 324 725 1241 778">
     <span class='ocr_line' id='line_1_7' title="bbox 324 725 1241 778; baseline 0.004 -5"><span class='ocrx_word' id='word_1_41' title='bbox 324 725 510 773; x_wconf 88' lang='lat' dir='ltr'>Dulcior</span> <span class='ocrx_word' id='word_1_42' title='bbox 531 725 604 774; x_wconf 90' lang='lat' dir='ltr'><strong>hic</strong></span> <span class='ocrx_word' id='word_1_43' title='bbox 628 726 721 775; x_wconf 90' lang='lat' dir='ltr'><strong>risu</strong></span> <span class='ocrx_word' id='word_1_44' title='bbox 743 739 836 776; x_wconf 89' lang='lat' dir='ltr'><strong>tum</strong></span> <span class='ocrx_word' id='word_1_45' title='bbox 859 729 970 776; x_wconf 87' lang='lat' dir='ltr'><strong>mihi</strong></span> <span class='ocrx_word' id='word_1_46' title='bbox 990 729 1120 777; x_wconf 83' lang='lat' dir='ltr'><strong>fletus</strong></span> <span class='ocrx_word' id='word_1_47' title='bbox 1145 730 1241 778; x_wconf 79' lang='lat' dir='ltr'><strong>erit.</strong></span> 
     </span>
    </p>
   </div>
   <div class='ocr_carea' id='block_1_6' title="bbox 1629 755 1695 778">
    <p class='ocr_par' dir='ltr' id='par_1_6' title="bbox 1629 755 1695 778">
     <span class='ocr_line' id='line_1_8' title="bbox 1629 755 1695 778; baseline -0.03 0"><span class='ocrx_word' id='word_1_48' title='bbox 1629 755 1695 778; x_wconf 80' lang='lat'><strong>2¹0</strong></span> 
     </span>
    </p>
   </div>
   <div class='ocr_carea' id='block_1_7' title="bbox 258 805 1371 1105">
    <p class='ocr_par' dir='ltr' id='par_1_7' title="bbox 258 805 1371 1029">
     <span class='ocr_line' id='line_1_9' title="bbox 258 805 1275 866; baseline 0.003 -13"><span class='ocrx_word' id='word_1_49' title='bbox 258 808 400 853; x_wconf 85' lang='lat' dir='ltr'><strong>Natus</strong></span> <span class='ocrx_word' id='word_1_50' title='bbox 425 825 469 853; x_wconf 92' lang='lat' dir='ltr'><strong>es</strong></span> <span class='ocrx_word' id='word_1_51' title='bbox 492 805 643 853; x_wconf 80' lang='lat' dir='ltr'><strong>infelix</strong></span> <span class='ocrx_word' id='word_1_52' title='bbox 662 826 671 862; x_wconf 91' lang='grc'><strong>;</strong></span> <span class='ocrx_word' id='word_1_53' title='bbox 697 806 757 854; x_wconf 85' lang='lat' dir='ltr'><strong>ita</strong></span> <span class='ocrx_word' id='word_1_54' title='bbox 780 807 841 854; x_wconf 77' lang='lat' dir='ltr'><strong>Di</strong></span> <span class='ocrx_word' id='word_1_55' title='bbox 860 807 1036 856; x_wconf 86' lang='lat' dir='ltr'><strong>voluere</strong></span> <span class='ocrx_word' id='word_1_56' title='bbox 1053 846 1064 866; x_wconf 90' lang='lat'>‚</span> <span class='ocrx_word' id='word_1_57' title='bbox 1085 827 1166 856; x_wconf 88' lang='lat' dir='ltr'><strong>nec</strong></span> <span class='ocrx_word' id='word_1_58' title='bbox 1185 808 1275 856; x_wconf 92' lang='lat' dir='ltr'><strong>ulla</strong></span> 
     </span>
     <span class='ocr_line' id='line_1_10' title="bbox 326 883 1268 943; baseline 0.002 -12"><span class='ocrx_word' id='word_1_59' title='bbox 326 883 571 931; x_wconf 88' lang='lat' dir='ltr'><strong>Commoda</strong></span> <span class='ocrx_word' id='word_1_60' title='bbox 590 885 788 932; x_wconf 89' lang='lat' dir='ltr'><strong>nascenti</strong></span> <span class='ocrx_word' id='word_1_61' title='bbox 811 884 936 933; x_wconf 84' lang='lat' dir='ltr'><strong>stella</strong></span> <span class='ocrx_word' id='word_1_62' title='bbox 950 923 962 943; x_wconf 89' lang='lat'><strong>,</strong></span> <span class='ocrx_word' id='word_1_63' title='bbox 987 884 1147 934; x_wconf 85' lang='lat' dir='ltr'><strong>levisve</strong></span> <span class='ocrx_word' id='word_1_64' title='bbox 1170 885 1268 934; x_wconf 88' lang='lat' dir='ltr'><strong>fuit.</strong></span> 
     </span>
     <span class='ocr_line' id='line_1_11' title="bbox 258 960 1371 1029; baseline 0.003 -21"><span class='ocrx_word' id='word_1_65' title='bbox 258 963 363 1008; x_wconf 86' lang='lat' dir='ltr'><strong>Non</strong></span> <span class='ocrx_word' id='word_1_66' title='bbox 387 962 538 1008; x_wconf 87' lang='lat' dir='ltr'><strong>Venus</strong></span> <span class='ocrx_word' id='word_1_67' title='bbox 560 960 762 1018; x_wconf 83' lang='lat' dir='ltr'><strong>adfulsit,</strong></span> <span class='ocrx_word' id='word_1_68' title='bbox 789 980 881 1009; x_wconf 90' lang='lat' dir='ltr'><strong>non</strong></span> <span class='ocrx_word' id='word_1_69' title='bbox 904 961 978 1010; x_wconf 90' lang='lat' dir='ltr'><strong>illa</strong></span> <span class='ocrx_word' id='word_1_70' title='bbox 1001 964 1211 1029; x_wconf 87' lang='lat' dir='ltr'><strong>Juppiter</strong></span> <span class='ocrx_word' id='word_1_71' title='bbox 1231 964 1371 1011; x_wconf 83' lang='lat' dir='ltr'><strong>hora:</strong></span> 
     </span>
    </p>

    <p class='ocr_par' dir='ltr' id='par_1_8' title="bbox 327 1038 1209 1105">
     <span class='ocr_line' id='line_1_12' title="bbox 327 1038 1209 1105; baseline 0 -18"><span class='ocrx_word' id='word_1_72' title='bbox 327 1040 503 1087; x_wconf 91' lang='lat' dir='ltr'><strong>Lunave</strong></span> <span class='ocrx_word' id='word_1_73' title='bbox 526 1058 617 1086; x_wconf 92' lang='lat' dir='ltr'><strong>non</strong></span> <span class='ocrx_word' id='word_1_74' title='bbox 641 1050 771 1105; x_wconf 86' lang='lat' dir='ltr'><strong>apto,</strong></span> <span class='ocrx_word' id='word_1_75' title='bbox 796 1038 928 1088; x_wconf 84' lang='lat' dir='ltr'><strong>Solve</strong></span> <span class='ocrx_word' id='word_1_76' title='bbox 948 1039 1070 1088; x_wconf 86' lang='lat' dir='ltr'><strong>fuere</strong></span> <span class='ocrx_word' id='word_1_77' title='bbox 1095 1039 1209 1088; x_wconf 91' lang='lat' dir='ltr'><strong>loco.</strong></span> 
     </span>
    </p>
   </div>
   <div class='ocr_carea' id='block_1_8' title="bbox 261 1116 1669 1184">
    <p class='ocr_par' dir='ltr' id='par_1_9' title="bbox 261 1116 1669 1184">
     <span class='ocr_line' id='line_1_13' title="bbox 261 1116 1669 1184; baseline 0.002 -19"><span class='ocrx_word' id='word_1_78' title='bbox 261 1120 352 1165; x_wconf 89' lang='lat' dir='ltr'><strong>Nec</strong></span> <span class='ocrx_word' id='word_1_79' title='bbox 377 1118 482 1166; x_wconf 83' lang='lat' dir='ltr'><strong>satis</strong></span> <span class='ocrx_word' id='word_1_80' title='bbox 505 1116 675 1165; x_wconf 86' lang='lat' dir='ltr'><strong>utiliter</strong></span> <span class='ocrx_word' id='word_1_81' title='bbox 695 1117 871 1183; x_wconf 84' lang='lat' dir='ltr'><strong>positos</strong></span> <span class='ocrx_word' id='word_1_82' title='bbox 894 1117 978 1166; x_wconf 85' lang='lat' dir='ltr'><strong>tibi</strong></span> <span class='ocrx_word' id='word_1_83' title='bbox 1002 1119 1196 1184; x_wconf 86' lang='lat' dir='ltr'><strong>praebuit</strong></span> <span class='ocrx_word' id='word_1_84' title='bbox 1217 1119 1365 1182; x_wconf 87' lang='lat' dir='ltr'><strong>ignes,</strong></span> <span class='ocrx_word' id='word_1_85' title='bbox 1633 1145 1669 1168; x_wconf 64' lang='grc' dir='ltr'><strong>αι</strong></span> 
     </span>
    </p>
   </div>
   <div class='ocr_carea' id='block_1_9' title="bbox 1677 1135 1696 1167">
    <p class='ocr_par' dir='ltr' id='par_1_10' title="bbox 1677 1135 1696 1167">
     <span class='ocr_line' id='line_1_14' title="bbox 1677 1135 1696 1167; textangle 90"><span class='ocrx_word' id='word_1_86' title='bbox 1677 1135 1696 1167; x_wconf 65' lang='grc' dir='ltr'><strong>’.Ἰ</strong></span> 
     </span>
    </p>
   </div>
   <div class='ocr_carea' id='block_1_10' title="bbox 261 1194 1579 1494">
    <p class='ocr_par' dir='ltr' id='par_1_11' title="bbox 327 1194 1359 1259">
     <span class='ocr_line' id='line_1_15' title="bbox 327 1194 1359 1259; baseline 0.004 -19"><span class='ocrx_word' id='word_1_87' title='bbox 327 1194 474 1256; x_wconf 79' lang='lat' dir='ltr'><strong>Quem</strong></span> <span class='ocrx_word' id='word_1_88' title='bbox 498 1194 671 1259; x_wconf 88' lang='lat' dir='ltr'><strong>peperit</strong></span> <span class='ocrx_word' id='word_1_89' title='bbox 693 1213 879 1257; x_wconf 87' lang='lat' dir='ltr'><strong>magno,</strong></span> <span class='ocrx_word' id='word_1_90' title='bbox 906 1194 1053 1243; x_wconf 84' lang='lat' dir='ltr'><strong>lucida</strong></span> <span class='ocrx_word' id='word_1_91' title='bbox 1075 1196 1219 1252; x_wconf 87' lang='lat' dir='ltr'><strong>Maia,</strong></span> <span class='ocrx_word' id='word_1_92' title='bbox 1244 1196 1359 1244; x_wconf 85' lang='lat' dir='ltr'><strong>Jovi.</strong></span> 
     </span>
    </p>

    <p class='ocr_par' dir='ltr' id='par_1_12' title="bbox 261 1273 1579 1416">
     <span class='ocr_line' id='line_1_16' title="bbox 261 1273 1579 1339; baseline 0.001 -18"><span class='ocrx_word' id='word_1_93' title='bbox 261 1275 325 1321; x_wconf 90' lang='lat' dir='ltr'><strong>Te</strong></span> <span class='ocrx_word' id='word_1_94' title='bbox 349 1273 439 1320; x_wconf 86' lang='lat' dir='ltr'><strong>fera</strong></span> <span class='ocrx_word' id='word_1_95' title='bbox 454 1310 465 1330; x_wconf 87' lang='lat'><strong>,</strong></span> <span class='ocrx_word' id='word_1_96' title='bbox 489 1292 571 1321; x_wconf 91' lang='lat' dir='ltr'><strong>nec</strong></span> <span class='ocrx_word' id='word_1_97' title='bbox 596 1273 839 1339; x_wconf 87' lang='lat' dir='ltr'><strong>quidquam</strong></span> <span class='ocrx_word' id='word_1_98' title='bbox 864 1273 1086 1339; x_wconf 87' lang='lat' dir='ltr'><strong>placidum</strong></span> <span class='ocrx_word' id='word_1_99' title='bbox 1110 1274 1397 1339; x_wconf 79' lang='lat' dir='ltr'><strong>spondentia,</strong></span> <span class='ocrx_word' id='word_1_100' title='bbox 1420 1274 1579 1332; x_wconf 88' lang='lat' dir='ltr'><strong>Martis</strong></span> 
     </span>
     <span class='ocr_line' id='line_1_17' title="bbox 329 1350 1234 1416; baseline 0.001 -19"><span class='ocrx_word' id='word_1_101' title='bbox 329 1350 483 1398; x_wconf 85' lang='lat' dir='ltr'><strong>Sidera</strong></span> <span class='ocrx_word' id='word_1_102' title='bbox 504 1362 783 1416; x_wconf 87' lang='lat' dir='ltr'><strong>presserunt,</strong></span> <span class='ocrx_word' id='word_1_103' title='bbox 809 1350 1083 1416; x_wconf 85' lang='lat' dir='ltr'><strong>falciferique</strong></span> <span class='ocrx_word' id='word_1_104' title='bbox 1105 1351 1234 1398; x_wconf 86' lang='lat' dir='ltr'><strong>senis.</strong></span> 
     </span>
    </p>

    <p class='ocr_par' dir='ltr' id='par_1_13' title="bbox 262 1427 1508 1494">
     <span class='ocr_line' id='line_1_18' title="bbox 262 1427 1508 1494; baseline 0.002 -18"><span class='ocrx_word' id='word_1_105' title='bbox 262 1431 361 1476; x_wconf 84' lang='lat' dir='ltr'><strong>Lux</strong></span> <span class='ocrx_word' id='word_1_106' title='bbox 387 1447 563 1493; x_wconf 90' lang='lat' dir='ltr'><strong>quoque</strong></span> <span class='ocrx_word' id='word_1_107' title='bbox 586 1427 744 1475; x_wconf 81' lang='lat' dir='ltr'><strong>natalis</strong></span> <span class='ocrx_word' id='word_1_108' title='bbox 759 1465 771 1484; x_wconf 85' lang='lat'>‚</span> <span class='ocrx_word' id='word_1_109' title='bbox 794 1446 849 1475; x_wconf 91' lang='lat' dir='ltr'><strong>ne</strong></span> <span class='ocrx_word' id='word_1_110' title='bbox 877 1428 1004 1494; x_wconf 90' lang='lat' dir='ltr'><strong>quid,</strong></span> <span class='ocrx_word' id='word_1_111' title='bbox 1030 1428 1117 1476; x_wconf 89' lang='lat' dir='ltr'><strong>nisi</strong></span> <span class='ocrx_word' id='word_1_112' title='bbox 1142 1429 1288 1487; x_wconf 82' lang='lat' dir='ltr'><strong>triste,</strong></span> <span class='ocrx_word' id='word_1_113' title='bbox 1312 1429 1508 1487; x_wconf 81' lang='lat' dir='ltr'><strong>videres,</strong></span> 
     </span>
    </p>
   </div>
   <div class='ocr_carea' id='block_1_11' title="bbox 329 1503 1260 1569">
    <p class='ocr_par' dir='ltr' id='par_1_14' title="bbox 329 1503 1260 1569">
     <span class='ocr_line' id='line_1_19' title="bbox 329 1503 1260 1569; baseline 0.002 -19"><span class='ocrx_word' id='word_1_114' title='bbox 329 1503 519 1569; x_wconf 87' lang='lat' dir='ltr'><strong>Turpis,</strong></span> <span class='ocrx_word' id='word_1_115' title='bbox 544 1515 588 1551; x_wconf 85' lang='lat' dir='ltr'><strong>et</strong></span> <span class='ocrx_word' id='word_1_116' title='bbox 612 1503 806 1552; x_wconf 85' lang='lat' dir='ltr'><strong>inductis</strong></span> <span class='ocrx_word' id='word_1_117' title='bbox 826 1504 1025 1553; x_wconf 90' lang='lat' dir='ltr'><strong>nubibus</strong></span> <span class='ocrx_word' id='word_1_118' title='bbox 1047 1516 1142 1552; x_wconf 87' lang='lat' dir='ltr'><strong>atra</strong></span> <span class='ocrx_word' id='word_1_119' title='bbox 1164 1504 1260 1553; x_wconf 84' lang='lat' dir='ltr'><strong>fuit.</strong></span> 
     </span>
    </p>
   </div>
   <div class='ocr_carea' id='block_1_12' title="bbox 1632 1530 1697 1554">
    <p class='ocr_par' dir='ltr' id='par_1_15' title="bbox 1632 1530 1697 1554">
     <span class='ocr_line' id='line_1_20' title="bbox 1632 1530 1697 1554; baseline -0.015 -1"><span class='ocrx_word' id='word_1_120' title='bbox 1632 1530 1697 1554; x_wconf 77' lang='lat'><strong>220</strong></span> 
     </span>
    </p>
   </div>
   <div class='ocr_carea' id='block_1_13' title="bbox 267 1580 1434 1722">
    <p class='ocr_par' dir='ltr' id='par_1_16' title="bbox 267 1580 1434 1722">
     <span class='ocr_line' id='line_1_21' title="bbox 267 1580 1434 1645; baseline 0.003 -17"><span class='ocrx_word' id='word_1_121' title='bbox 267 1582 372 1629; x_wconf 86' lang='lat' dir='ltr'><strong>Haec</strong></span> <span class='ocrx_word' id='word_1_122' title='bbox 397 1593 483 1638; x_wconf 88' lang='lat' dir='ltr'><strong>est,</strong></span> <span class='ocrx_word' id='word_1_123' title='bbox 509 1580 556 1627; x_wconf 87' lang='lat' dir='ltr'><strong>in</strong></span> <span class='ocrx_word' id='word_1_124' title='bbox 579 1580 725 1629; x_wconf 85' lang='lat' dir='ltr'><strong>Fastis</strong></span> <span class='ocrx_word' id='word_1_125' title='bbox 750 1580 821 1628; x_wconf 88' lang='lat' dir='ltr'><strong>cui</strong></span> <span class='ocrx_word' id='word_1_126' title='bbox 846 1581 921 1628; x_wconf 84' lang='lat' dir='ltr'><strong>dat</strong></span> <span class='ocrx_word' id='word_1_127' title='bbox 944 1583 1084 1645; x_wconf 83' lang='lat' dir='ltr'><strong>gravis</strong></span> <span class='ocrx_word' id='word_1_128' title='bbox 1107 1581 1224 1630; x_wconf 83' lang='lat' dir='ltr'><strong>Allia</strong></span> <span class='ocrx_word' id='word_1_129' title='bbox 1247 1602 1434 1640; x_wconf 88' lang='lat' dir='ltr'><strong>nomen,</strong></span> 
     </span>
     <span class='ocr_line' id='line_1_22' title="bbox 333 1655 1319 1722; baseline 0.001 -19"><span class='ocrx_word' id='word_1_130' title='bbox 333 1657 536 1721; x_wconf 80' lang='lat' dir='ltr'><strong>Quaeque</strong></span> <span class='ocrx_word' id='word_1_131' title='bbox 561 1655 655 1704; x_wconf 89' lang='lat' dir='ltr'><strong>dies</strong></span> <span class='ocrx_word' id='word_1_132' title='bbox 678 1656 800 1714; x_wconf 89' lang='lat' dir='ltr'><strong>Ibin,</strong></span> <span class='ocrx_word' id='word_1_133' title='bbox 825 1656 1005 1722; x_wconf 90' lang='lat' dir='ltr'><strong>publica</strong></span> <span class='ocrx_word' id='word_1_134' title='bbox 1029 1657 1186 1705; x_wconf 88' lang='lat' dir='ltr'><strong>damna</strong></span> <span class='ocrx_word' id='word_1_135' title='bbox 1205 1657 1319 1706; x_wconf 85' lang='lat' dir='ltr'><strong>tulit.</strong></span> 
     </span>
    </p>
   </div>
   <div class='ocr_carea' id='block_1_14' title="bbox 271 1762 962 2805">
    <p class='ocr_par' dir='ltr' id='par_1_17' title="bbox 276 1762 954 1861">
     <span class='ocr_line' id='line_1_23' title="bbox 314 1762 954 1809; baseline 0 -11"><span class='ocrx_word' id='word_1_136' title='bbox 314 1777 392 1809; x_wconf 70' lang='lat'>207.</span> <span class='ocrx_word' id='word_1_137' title='bbox 411 1765 476 1798; x_wconf 80' lang='lat' dir='ltr'><strong>Tot</strong></span> <span class='ocrx_word' id='word_1_138' title='bbox 494 1766 561 1798; x_wconf 75' lang='lat' dir='ltr'><strong>tibi</strong></span> <span class='ocrx_word' id='word_1_139' title='bbox 578 1776 628 1797; x_wconf 81' lang='lat' dir='ltr'><strong>voe</strong></span> <span class='ocrx_word' id='word_1_140' title='bbox 647 1762 788 1798; x_wconf 60' lang='lat' dir='ltr'><strong>mdrero!</strong></span> <span class='ocrx_word' id='word_1_141' title='bbox 806 1767 954 1799; x_wconf 78' lang='lat' dir='ltr'><strong>veniant.</strong></span> 
     </span>
     <span class='ocr_line' id='line_1_24' title="bbox 276 1815 712 1861; baseline -0.005 -10"><span class='ocrx_word' id='word_1_142' title='bbox 276 1819 419 1852; x_wconf 77' lang='lat' dir='ltr'><strong>Venient</strong></span> <span class='ocrx_word' id='word_1_143' title='bbox 430 1815 559 1861; x_wconf 88' lang='lat' dir='ltr'><strong>scripti.</strong></span> <span class='ocrx_word' id='word_1_144' title='bbox 578 1816 712 1850; x_wconf 76' lang='lat' dir='ltr'><strong>HEms.</strong></span> 
     </span>
    </p>

    <p class='ocr_par' dir='ltr' id='par_1_18' title="bbox 271 1867 957 2427">
     <span class='ocr_line' id='line_1_25' title="bbox 314 1867 954 1913; baseline 0 -11"><span class='ocrx_word' id='word_1_145' title='bbox 314 1871 389 1912; x_wconf 82' lang='lat'>214.</span> <span class='ocrx_word' id='word_1_146' title='bbox 406 1868 569 1913; x_wconf 81' lang='lat' dir='ltr'><strong>Lunaque</strong></span> <span class='ocrx_word' id='word_1_147' title='bbox 583 1881 649 1902; x_wconf 87' lang='lat' dir='ltr'><strong>non</strong></span> <span class='ocrx_word' id='word_1_148' title='bbox 665 1874 755 1912; x_wconf 78' lang='lat' dir='ltr'><strong>apto.</strong></span> <span class='ocrx_word' id='word_1_149' title='bbox 782 1867 861 1902; x_wconf 90' lang='lat' dir='ltr'><strong>Hoc</strong></span> <span class='ocrx_word' id='word_1_150' title='bbox 881 1874 954 1911; x_wconf 85' lang='lat' dir='ltr'><strong>est,</strong></span> 
     </span>
     <span class='ocr_line' id='line_1_26' title="bbox 272 1920 953 1965; baseline -0.003 -9"><span class='ocrx_word' id='word_1_151' title='bbox 272 1921 369 1956; x_wconf 88' lang='lat' dir='ltr'><strong>nullo</strong></span> <span class='ocrx_word' id='word_1_152' title='bbox 386 1921 550 1965; x_wconf 82' lang='lat' dir='ltr'><strong>adspectu</strong></span> <span class='ocrx_word' id='word_1_153' title='bbox 566 1920 661 1954; x_wconf 84' lang='lat' dir='ltr'><strong>bono</strong></span> <span class='ocrx_word' id='word_1_154' title='bbox 674 1947 683 1964; x_wconf 89' lang='lat'><strong>,</strong></span> <span class='ocrx_word' id='word_1_155' title='bbox 700 1920 934 1965; x_wconf 84' lang='lat' dir='ltr'><strong>horoscopum</strong></span> <span class='ocrx_word' id='word_1_156' title='bbox 944 1947 953 1964; x_wconf 90' lang='lat'><strong>,</strong></span> 
     </span>
     <span class='ocr_line' id='line_1_27' title="bbox 271 1971 954 2018; baseline -0.003 -10"><span class='ocrx_word' id='word_1_157' title='bbox 271 1974 342 2008; x_wconf 87' lang='lat' dir='ltr'><strong>sive</strong></span> <span class='ocrx_word' id='word_1_158' title='bbox 372 1972 513 2018; x_wconf 84' lang='lat' dir='ltr'><strong>signum</strong></span> <span class='ocrx_word' id='word_1_159' title='bbox 544 1971 759 2007; x_wconf 83' lang='lat' dir='ltr'><strong>adscendens</strong></span> <span class='ocrx_word' id='word_1_160' title='bbox 788 1984 954 2017; x_wconf 86' lang='lat' dir='ltr'><strong>respexe-</strong></span> 
     </span>
     <span class='ocr_line' id='line_1_28' title="bbox 276 2024 957 2070; baseline -0.001 -10"><span class='ocrx_word' id='word_1_161' title='bbox 276 2032 370 2060; x_wconf 88' lang='lat' dir='ltr'><strong>runt.</strong></span> <span class='ocrx_word' id='word_1_162' title='bbox 383 2024 565 2070; x_wconf 84' lang='lat' dir='ltr'><strong>Significat</strong></span> <span class='ocrx_word' id='word_1_163' title='bbox 577 2031 697 2059; x_wconf 73' lang='lat' dir='ltr'><strong>autem</strong></span> <span class='ocrx_word' id='word_1_164' title='bbox 709 2025 769 2059; x_wconf 91' lang='lat' dir='ltr'><strong>Sol</strong></span> <span class='ocrx_word' id='word_1_165' title='bbox 784 2051 793 2068; x_wconf 92' lang='lat'><strong>,</strong></span> <span class='ocrx_word' id='word_1_166' title='bbox 812 2025 891 2060; x_wconf 83' lang='lat' dir='ltr'><strong>vitae</strong></span> <span class='ocrx_word' id='word_1_167' title='bbox 902 2032 957 2059; x_wconf 87' lang='lat' dir='ltr'><strong>at-</strong></span> 
     </span>
     <span class='ocr_line' id='line_1_29' title="bbox 275 2077 956 2124; baseline -0.001 -11"><span class='ocrx_word' id='word_1_168' title='bbox 275 2091 341 2124; x_wconf 90' lang='lat' dir='ltr'><strong>que</strong></span> <span class='ocrx_word' id='word_1_169' title='bbox 360 2078 444 2112; x_wconf 87' lang='lat' dir='ltr'><strong>anni</strong></span> <span class='ocrx_word' id='word_1_170' title='bbox 461 2077 767 2121; x_wconf 85' lang='lat' dir='ltr'><strong>constitutionem,</strong></span> <span class='ocrx_word' id='word_1_171' title='bbox 781 2077 880 2112; x_wconf 91' lang='lat' dir='ltr'><strong>Luna</strong></span> <span class='ocrx_word' id='word_1_172' title='bbox 897 2090 956 2112; x_wconf 91' lang='lat' dir='ltr'><strong>au-</strong></span> 
     </span>
     <span class='ocr_line' id='line_1_30' title="bbox 274 2128 956 2175; baseline -0.001 -10"><span class='ocrx_word' id='word_1_173' title='bbox 274 2138 347 2166; x_wconf 84' lang='lat' dir='ltr'><strong>tem</strong></span> <span class='ocrx_word' id='word_1_174' title='bbox 375 2130 529 2175; x_wconf 86' lang='lat' dir='ltr'><strong>corporis</strong></span> <span class='ocrx_word' id='word_1_175' title='bbox 558 2142 566 2163; x_wconf 73' lang='grc' dir='ltr'><strong><em>ε</em></strong></span> <span class='ocrx_word' id='word_1_176' title='bbox 597 2130 656 2174; x_wconf 89' lang='lat' dir='ltr'><strong>qui</strong></span> <span class='ocrx_word' id='word_1_177' title='bbox 684 2129 711 2163; x_wconf 89' lang='lat' dir='ltr'><strong>si</strong></span> <span class='ocrx_word' id='word_1_178' title='bbox 741 2128 837 2164; x_wconf 89' lang='lat' dir='ltr'><strong>nulla</strong></span> <span class='ocrx_word' id='word_1_179' title='bbox 863 2130 956 2164; x_wconf 83' lang='lat' dir='ltr'><strong>bona</strong></span> 
     </span>
     <span class='ocr_line' id='line_1_31' title="bbox 273 2182 955 2228; baseline -0.003 -9"><span class='ocrx_word' id='word_1_180' title='bbox 273 2184 466 2219; x_wconf 87' lang='lat' dir='ltr'><strong>radiatione</strong></span> <span class='ocrx_word' id='word_1_181' title='bbox 492 2195 574 2218; x_wconf 88' lang='lat' dir='ltr'><strong>cum</strong></span> <span class='ocrx_word' id='word_1_182' title='bbox 598 2182 832 2218; x_wconf 87' lang='lat' dir='ltr'><strong>adscendente</strong></span> <span class='ocrx_word' id='word_1_183' title='bbox 857 2183 955 2228; x_wconf 84' lang='lat' dir='ltr'><strong>signo</strong></span> 
     </span>
     <span class='ocr_line' id='line_1_32' title="bbox 273 2235 955 2281; baseline -0.001 -11"><span class='ocrx_word' id='word_1_184' title='bbox 273 2242 534 2281; x_wconf 84' lang='lat' dir='ltr'><strong>comparantur,</strong></span> <span class='ocrx_word' id='word_1_185' title='bbox 550 2235 664 2280; x_wconf 89' lang='lat' dir='ltr'><strong>ipsum</strong></span> <span class='ocrx_word' id='word_1_186' title='bbox 682 2246 818 2279; x_wconf 87' lang='lat' dir='ltr'><strong>quoque</strong></span> <span class='ocrx_word' id='word_1_187' title='bbox 829 2242 955 2269; x_wconf 86' lang='lat' dir='ltr'><strong>natum</strong></span> 
     </span>
     <span class='ocr_line' id='line_1_33' title="bbox 274 2286 955 2331; baseline 0 -11"><span class='ocrx_word' id='word_1_188' title='bbox 274 2287 505 2322; x_wconf 83' lang='lat' dir='ltr'><strong>infeliciorem</strong></span> <span class='ocrx_word' id='word_1_189' title='bbox 518 2314 528 2331; x_wconf 89' lang='lat'><strong>,</strong></span> <span class='ocrx_word' id='word_1_190' title='bbox 552 2287 737 2331; x_wconf 85' lang='lat' dir='ltr'><strong>minusque</strong></span> <span class='ocrx_word' id='word_1_191' title='bbox 759 2286 955 2321; x_wconf 84' lang='lat' dir='ltr'><strong>durabilem</strong></span> 
     </span>
     <span class='ocr_line' id='line_1_34' title="bbox 276 2339 956 2386; baseline -0.001 -12"><span class='ocrx_word' id='word_1_192' title='bbox 276 2341 439 2375; x_wconf 76' lang='lat' dir='ltr'><strong>futurum</strong></span> <span class='ocrx_word' id='word_1_193' title='bbox 460 2366 470 2384; x_wconf 95' lang='lat'><strong>,</strong></span> <span class='ocrx_word' id='word_1_194' title='bbox 506 2340 760 2386; x_wconf 80' lang='lat' dir='ltr'><strong>astrologorum</strong></span> <span class='ocrx_word' id='word_1_195' title='bbox 792 2339 956 2385; x_wconf 80' lang='lat' dir='ltr'><strong>dogmata</strong></span> 
     </span>
     <span class='ocr_line' id='line_1_35' title="bbox 276 2392 590 2427; baseline 0 -1"><span class='ocrx_word' id='word_1_196' title='bbox 276 2392 431 2427; x_wconf 79' lang='lat' dir='ltr'><strong>tradunt.</strong></span> <span class='ocrx_word' id='word_1_197' title='bbox 450 2393 590 2427; x_wconf 73' lang='lat' dir='ltr'><strong>Minu.</strong></span> 
     </span>
    </p>

    <p class='ocr_par' dir='ltr' id='par_1_19' title="bbox 276 2444 957 2699">
     <span class='ocr_line' id='line_1_36' title="bbox 322 2444 957 2481; baseline 0 -3"><span class='ocrx_word' id='word_1_198' title='bbox 322 2447 396 2478; x_wconf 87' lang='lat'><strong>215.</strong></span> <span class='ocrx_word' id='word_1_199' title='bbox 423 2447 496 2481; x_wconf 85' lang='lat' dir='ltr'><strong>Nec</strong></span> <span class='ocrx_word' id='word_1_200' title='bbox 520 2447 608 2479; x_wconf 81' lang='lat' dir='ltr'><strong>satis</strong></span> <span class='ocrx_word' id='word_1_201' title='bbox 630 2446 762 2479; x_wconf 77' lang='lat' dir='ltr'><strong>utiliter.</strong></span> <span class='ocrx_word' id='word_1_202' title='bbox 785 2444 957 2478; x_wconf 85' lang='lat' dir='ltr'><strong>Mercurii</strong></span> 
     </span>
     <span class='ocr_line' id='line_1_37' title="bbox 276 2496 957 2542; baseline -0.001 -11"><span class='ocrx_word' id='word_1_203' title='bbox 276 2496 371 2532; x_wconf 88' lang='lat' dir='ltr'><strong>sidus</strong></span> <span class='ocrx_word' id='word_1_204' title='bbox 395 2496 478 2531; x_wconf 85' lang='lat' dir='ltr'><strong>dicit</strong></span> <span class='ocrx_word' id='word_1_205' title='bbox 500 2496 694 2532; x_wconf 86' lang='lat' dir='ltr'><strong>admodum</strong></span> <span class='ocrx_word' id='word_1_206' title='bbox 715 2496 872 2530; x_wconf 88' lang='lat' dir='ltr'><strong>humano</strong></span> <span class='ocrx_word' id='word_1_207' title='bbox 889 2509 957 2542; x_wconf 83' lang='lat' dir='ltr'><strong>ge·-</strong></span> 
     </span>
     <span class='ocr_line' id='line_1_38' title="bbox 276 2548 957 2593; baseline 0 -10"><span class='ocrx_word' id='word_1_208' title='bbox 276 2550 352 2584; x_wconf 91' lang='lat' dir='ltr'><strong>neri</strong></span> <span class='ocrx_word' id='word_1_209' title='bbox 364 2548 541 2591; x_wconf 88' lang='lat' dir='ltr'><strong>nocivum,</strong></span> <span class='ocrx_word' id='word_1_210' title='bbox 553 2549 579 2583; x_wconf 87' lang='lat' dir='ltr'><strong>si</strong></span> <span class='ocrx_word' id='word_1_211' title='bbox 592 2549 629 2583; x_wconf 92' lang='lat' dir='ltr'><strong>in</strong></span> <span class='ocrx_word' id='word_1_212' title='bbox 642 2548 762 2584; x_wconf 83' lang='lat' dir='ltr'><strong>Ariete</strong></span> <span class='ocrx_word' id='word_1_213' title='bbox 772 2548 880 2585; x_wconf 82' lang='lat' dir='ltr'><strong>fuerit</strong></span> <span class='ocrx_word' id='word_1_214' title='bbox 893 2576 902 2593; x_wconf 97' lang='lat'><strong>,</strong></span> <span class='ocrx_word' id='word_1_215' title='bbox 919 2549 957 2583; x_wconf 92' lang='lat' dir='ltr'><strong>in</strong></span> 
     </span>
     <span class='ocr_line' id='line_1_39' title="bbox 279 2601 955 2648; baseline -0.003 -10"><span class='ocrx_word' id='word_1_216' title='bbox 279 2602 439 2638; x_wconf 86' lang='lat' dir='ltr'><strong>Geminis</strong></span> <span class='ocrx_word' id='word_1_217' title='bbox 449 2629 458 2645; x_wconf 94' lang='lat'><strong>,</strong></span> <span class='ocrx_word' id='word_1_218' title='bbox 473 2602 510 2636; x_wconf 91' lang='lat' dir='ltr'><strong>in</strong></span> <span class='ocrx_word' id='word_1_219' title='bbox 525 2601 665 2637; x_wconf 85' lang='lat' dir='ltr'><strong>Cancro</strong></span> <span class='ocrx_word' id='word_1_220' title='bbox 675 2629 684 2647; x_wconf 83' lang='lat'><strong>,</strong></span> <span class='ocrx_word' id='word_1_221' title='bbox 699 2602 734 2637; x_wconf 92' lang='lat' dir='ltr'><strong>in</strong></span> <span class='ocrx_word' id='word_1_222' title='bbox 749 2602 955 2648; x_wconf 76' lang='lat' dir='ltr'><strong>Sagittario,</strong></span> 
     </span>
     <span class='ocr_line' id='line_1_40' title="bbox 278 2654 935 2699; baseline -0.002 -10"><span class='ocrx_word' id='word_1_223' title='bbox 278 2669 318 2691; x_wconf 90' lang='lat' dir='ltr'><strong>ac</strong></span> <span class='ocrx_word' id='word_1_224' title='bbox 335 2655 372 2689; x_wconf 88' lang='lat' dir='ltr'><strong>in</strong></span> <span class='ocrx_word' id='word_1_225' title='bbox 391 2654 617 2699; x_wconf 87' lang='lat' dir='ltr'><strong>Capricorno.</strong></span> <span class='ocrx_word' id='word_1_226' title='bbox 933 2689 935 2691; x_wconf 64' lang='grc'><strong>,</strong></span> 
     </span>
    </p>

    <p class='ocr_par' dir='ltr' id='par_1_20' title="bbox 278 2707 962 2805">
     <span class='ocr_line' id='line_1_41' title="bbox 325 2707 960 2752; baseline -0.002 -10"><span class='ocrx_word' id='word_1_227' title='bbox 325 2722 399 2752; x_wconf 85' lang='lat'>217.</span> <span class='ocrx_word' id='word_1_228' title='bbox 417 2708 542 2741; x_wconf 79' lang='lat' dir='ltr'><strong>Martis</strong></span> <span class='ocrx_word' id='word_1_229' title='bbox 552 2709 674 2742; x_wconf 80' lang='lat' dir='ltr'><strong>sidera.</strong></span> <span class='ocrx_word' id='word_1_230' title='bbox 692 2707 875 2742; x_wconf 82' lang='lat' dir='ltr'><strong>Planetam</strong></span> <span class='ocrx_word' id='word_1_231' title='bbox 889 2720 960 2751; x_wconf 90' lang='lat' dir='ltr'><strong>pes-</strong></span> 
     </span>
     <span class='ocr_line' id='line_1_42' title="bbox 278 2758 962 2805; baseline -0.003 -12"><span class='ocrx_word' id='word_1_232' title='bbox 278 2759 407 2794; x_wconf 87' lang='lat' dir='ltr'><strong>simum</strong></span> <span class='ocrx_word' id='word_1_233' title='bbox 418 2785 426 2801; x_wconf 95' lang='lat'><strong>,</strong></span> <span class='ocrx_word' id='word_1_234' title='bbox 441 2758 532 2805; x_wconf 62' lang='lat' dir='ltr'><strong>⁴bella</strong></span> <span class='ocrx_word' id='word_1_235' title='bbox 546 2785 554 2801; x_wconf 92' lang='lat'><strong>,</strong></span> <span class='ocrx_word' id='word_1_236' title='bbox 573 2758 832 2793; x_wconf 88' lang='lat' dir='ltr'><strong>interneciones</strong></span> <span class='ocrx_word' id='word_1_237' title='bbox 845 2784 855 2803; x_wconf 90' lang='lat'>‚</span> <span class='ocrx_word' id='word_1_238' title='bbox 873 2765 908 2793; x_wconf 91' lang='lat' dir='ltr'><strong>et</strong></span> <span class='ocrx_word' id='word_1_239' title='bbox 923 2758 962 2792; x_wconf 82' lang='lat' dir='ltr'><strong>li-</strong></span> 
     </span>
    </p>
   </div>
   <div class='ocr_carea' id='block_1_15' title="bbox 1019 1765 1700 2064">
    <p class='ocr_par' dir='ltr' id='par_1_21' title="bbox 1019 1765 1700 2022">
     <span class='ocr_line' id='line_1_43' title="bbox 1020 1765 1700 1814; baseline 0.006 -15"><span class='ocrx_word' id='word_1_240' title='bbox 1020 1765 1101 1811; x_wconf 86' lang='lat' dir='ltr'><strong>tigia</strong></span> <span class='ocrx_word' id='word_1_241' title='bbox 1112 1772 1205 1800; x_wconf 85' lang='lat' dir='ltr'><strong>amat</strong></span> <span class='ocrx_word' id='word_1_242' title='bbox 1214 1780 1222 1808; x_wconf 92' lang='lat'>;</span> <span class='ocrx_word' id='word_1_243' title='bbox 1234 1772 1268 1800; x_wconf 91' lang='lat' dir='ltr'><strong>et</strong></span> <span class='ocrx_word' id='word_1_244' title='bbox 1277 1766 1417 1811; x_wconf 89' lang='lat' dir='ltr'><strong>quando</strong></span> <span class='ocrx_word' id='word_1_245' title='bbox 1423 1766 1566 1813; x_wconf 85' lang='lat' dir='ltr'><strong>alicujus</strong></span> <span class='ocrx_word' id='word_1_246' title='bbox 1575 1776 1700 1814; x_wconf 87' lang='lat' dir='ltr'><strong>praeest</strong></span> 
     </span>
     <span class='ocr_line' id='line_1_44' title="bbox 1019 1817 1700 1865; baseline 0.006 -14"><span class='ocrx_word' id='word_1_247' title='bbox 1019 1817 1189 1852; x_wconf 81' lang='lat' dir='ltr'><strong>nativitati</strong></span> <span class='ocrx_word' id='word_1_248' title='bbox 1198 1845 1208 1862; x_wconf 94' lang='lat'>‚</span> <span class='ocrx_word' id='word_1_249' title='bbox 1217 1819 1351 1853; x_wconf 85' lang='lat' dir='ltr'><strong>malum</strong></span> <span class='ocrx_word' id='word_1_250' title='bbox 1362 1818 1531 1865; x_wconf 84' lang='lat' dir='ltr'><strong>significat</strong></span> <span class='ocrx_word' id='word_1_251' title='bbox 1540 1846 1549 1864; x_wconf 90' lang='lat'><strong><em>‚</em></strong></span> <span class='ocrx_word' id='word_1_252' title='bbox 1563 1820 1629 1855; x_wconf 89' lang='lat' dir='ltr'><strong>nisi</strong></span> <span class='ocrx_word' id='word_1_253' title='bbox 1641 1820 1700 1855; x_wconf 90' lang='lat' dir='ltr'><strong>ad-</strong></span> 
     </span>
     <span class='ocr_line' id='line_1_45' title="bbox 1019 1871 1699 1914; baseline 0.004 -11"><span class='ocrx_word' id='word_1_254' title='bbox 1019 1877 1177 1914; x_wconf 88' lang='lat' dir='ltr'><strong>spectum</strong></span> <span class='ocrx_word' id='word_1_255' title='bbox 1193 1883 1274 1904; x_wconf 88' lang='lat' dir='ltr'><strong>eum</strong></span> <span class='ocrx_word' id='word_1_256' title='bbox 1288 1871 1376 1905; x_wconf 82' lang='lat' dir='ltr'><strong>Jove</strong></span> <span class='ocrx_word' id='word_1_257' title='bbox 1388 1897 1398 1914; x_wconf 87' lang='lat'><em>‚</em></span> <span class='ocrx_word' id='word_1_258' title='bbox 1416 1878 1476 1905; x_wconf 86' lang='lat' dir='ltr'><strong>aut</strong></span> <span class='ocrx_word' id='word_1_259' title='bbox 1487 1871 1628 1906; x_wconf 88' lang='lat' dir='ltr'><strong>Venere</strong></span> <span class='ocrx_word' id='word_1_260' title='bbox 1639 1871 1699 1905; x_wconf 86' lang='lat' dir='ltr'><strong>ha-</strong></span> 
     </span>
     <span class='ocr_line' id='line_1_46' title="bbox 1020 1921 1699 1968; baseline 0.004 -13"><span class='ocrx_word' id='word_1_261' title='bbox 1020 1921 1135 1956; x_wconf 88' lang='lat' dir='ltr'><strong>buerit</strong></span> <span class='ocrx_word' id='word_1_262' title='bbox 1154 1935 1162 1963; x_wconf 92' lang='lat'>;</span> <span class='ocrx_word' id='word_1_263' title='bbox 1181 1922 1258 1956; x_wconf 85' lang='lat' dir='ltr'><strong>vide</strong></span> <span class='ocrx_word' id='word_1_264' title='bbox 1274 1922 1468 1968; x_wconf 87' lang='lat' dir='ltr'><strong>Joh.Bapt.</strong></span> <span class='ocrx_word' id='word_1_265' title='bbox 1486 1923 1611 1968; x_wconf 85' lang='lat' dir='ltr'><strong>Pium,</strong></span> <span class='ocrx_word' id='word_1_266' title='bbox 1628 1924 1699 1958; x_wconf 87' lang='lat' dir='ltr'><strong>An-</strong></span> 
     </span>
     <span class='ocr_line' id='line_1_47' title="bbox 1022 1977 1548 2022; baseline 0.008 -14"><span class='ocrx_word' id='word_1_267' title='bbox 1022 1981 1132 2009; x_wconf 86' lang='lat' dir='ltr'><strong>notat.</strong></span> <span class='ocrx_word' id='word_1_268' title='bbox 1152 1983 1280 2020; x_wconf 87' lang='lat' dir='ltr'><strong>poster.</strong></span> <span class='ocrx_word' id='word_1_269' title='bbox 1295 1989 1369 2022; x_wconf 89' lang='lat' dir='ltr'><strong>cap.</strong></span> <span class='ocrx_word' id='word_1_270' title='bbox 1386 1978 1439 2020; x_wconf 76' lang='lat'><strong>42.</strong></span> <span class='ocrx_word' id='word_1_271' title='bbox 1455 1977 1548 2012; x_wconf 66' lang='grc' dir='ltr'>ΖΔΕ.</span> 
     </span>
    </p>

    <p class='ocr_par' dir='ltr' id='par_1_22' title="bbox 1068 2027 1700 2064">
     <span class='ocr_line' id='line_1_48' title="bbox 1068 2027 1700 2064; baseline 0.005 -4"><span class='ocrx_word' id='word_1_272' title='bbox 1068 2040 1140 2061; x_wconf 84' lang='lat'>221.</span> <span class='ocrx_word' id='word_1_273' title='bbox 1151 2029 1235 2062; x_wconf 83' lang='lat' dir='ltr'><strong>Hoec</strong></span> <span class='ocrx_word' id='word_1_274' title='bbox 1249 2035 1310 2063; x_wconf 86' lang='lat' dir='ltr'><strong>est.</strong></span> <span class='ocrx_word' id='word_1_275' title='bbox 1324 2027 1409 2063; x_wconf 88' lang='lat' dir='ltr'><strong>Dies</strong></span> <span class='ocrx_word' id='word_1_276' title='bbox 1427 2036 1527 2064; x_wconf 88' lang='lat' dir='ltr'><strong>erant</strong></span> <span class='ocrx_word' id='word_1_277' title='bbox 1543 2029 1610 2063; x_wconf 87' lang='lat' dir='ltr'><strong>atri</strong></span> <span class='ocrx_word' id='word_1_278' title='bbox 1623 2041 1700 2063; x_wconf 89' lang='lat' dir='ltr'><strong>om—</strong></span> 
     </span>
    </p>
   </div>
   <div class='ocr_carea' id='block_1_16' title="bbox 982 2079 1703 2127">
    <p class='ocr_par' dir='ltr' id='par_1_23' title="bbox 982 2079 1703 2127">
     <span class='ocr_line' id='line_1_49' title="bbox 982 2079 1703 2127; baseline 0.003 -14"><span class='ocrx_word' id='word_1_279' title='bbox 982 2123 985 2126; x_wconf 12' lang='lat'><em>*</em></span> <span class='ocrx_word' id='word_1_280' title='bbox 1020 2092 1082 2114; x_wconf 88' lang='lat' dir='ltr'><strong>nes</strong></span> <span class='ocrx_word' id='word_1_281' title='bbox 1099 2086 1176 2124; x_wconf 91' lang='lat' dir='ltr'><strong>post</strong></span> <span class='ocrx_word' id='word_1_282' title='bbox 1194 2079 1276 2115; x_wconf 89' lang='lat' dir='ltr'><strong>Idus</strong></span> <span class='ocrx_word' id='word_1_283' title='bbox 1290 2087 1325 2114; x_wconf 90' lang='lat' dir='ltr'><strong>et</strong></span> <span class='ocrx_word' id='word_1_284' title='bbox 1343 2080 1461 2115; x_wconf 86' lang='lat' dir='ltr'><strong>Nonas</strong></span> <span class='ocrx_word' id='word_1_285' title='bbox 1474 2107 1483 2124; x_wconf 94' lang='lat'>‚</span> <span class='ocrx_word' id='word_1_286' title='bbox 1501 2081 1560 2127; x_wconf 84' lang='lat' dir='ltr'><strong>qui</strong></span> <span class='ocrx_word' id='word_1_287' title='bbox 1572 2085 1703 2126; x_wconf 79' lang='lat' dir='ltr'><strong>postri-</strong></span> 
     </span>
    </p>
   </div>
   <div class='ocr_carea' id='block_1_17' title="bbox 1020 2132 1701 2169">
    <p class='ocr_par' dir='ltr' id='par_1_24' title="bbox 1020 2132 1701 2169">
     <span class='ocr_line' id='line_1_50' title="bbox 1020 2132 1701 2169; baseline 0.003 -3"><span class='ocrx_word' id='word_1_288' title='bbox 1020 2132 1353 2167; x_wconf 82' lang='lat' dir='ltr'><strong>duam&#39;dicebantur.</strong></span> <span class='ocrx_word' id='word_1_289' title='bbox 1366 2133 1479 2168; x_wconf 90' lang='lat' dir='ltr'><strong>Iidem</strong></span> <span class='ocrx_word' id='word_1_290' title='bbox 1489 2133 1563 2169; x_wconf 78' lang='lat' dir='ltr'><strong>dies</strong></span> <span class='ocrx_word' id='word_1_291' title='bbox 1574 2133 1701 2169; x_wconf 86' lang='lat' dir='ltr'><strong>dicun-</strong></span> 
     </span>
    </p>
   </div>
   <div class='ocr_carea' id='block_1_18' title="bbox 1020 2184 1759 2230">
    <p class='ocr_par' dir='ltr' id='par_1_25' title="bbox 1020 2184 1759 2230">
     <span class='ocr_line' id='line_1_51' title="bbox 1020 2184 1759 2230; baseline 0.003 -12"><span class='ocrx_word' id='word_1_292' title='bbox 1020 2191 1079 2219; x_wconf 85' lang='lat' dir='ltr'><strong>tur</strong></span> <span class='ocrx_word' id='word_1_293' title='bbox 1090 2184 1272 2225; x_wconf 76' lang='lat' dir='ltr'><strong>Amenses,</strong></span> <span class='ocrx_word' id='word_1_294' title='bbox 1289 2185 1456 2230; x_wconf 89' lang='lat' dir='ltr'><strong>quoniam</strong></span> <span class='ocrx_word' id='word_1_295' title='bbox 1468 2186 1512 2220; x_wconf 89' lang='lat' dir='ltr'><strong>ob</strong></span> <span class='ocrx_word' id='word_1_296' title='bbox 1522 2185 1701 2220; x_wconf 78' lang='lat' dir='ltr'><strong>infelicem</strong></span> <span class='ocrx_word' id='word_1_297' title='bbox 1756 2221 1759 2224; x_wconf 73' lang='grc'><em>,</em></span> 
     </span>
    </p>
   </div>
   <div class='ocr_carea' id='block_1_19' title="bbox 1020 2235 1702 2794">
    <p class='ocr_par' dir='ltr' id='par_1_26' title="bbox 1020 2235 1702 2794">
     <span class='ocr_line' id='line_1_52' title="bbox 1020 2235 1701 2283; baseline 0.001 -11"><span class='ocrx_word' id='word_1_298' title='bbox 1020 2250 1175 2283; x_wconf 87' lang='lat' dir='ltr'><strong>pugnam</strong></span> <span class='ocrx_word' id='word_1_299' title='bbox 1192 2238 1235 2272; x_wconf 86' lang='lat' dir='ltr'><strong>ad</strong></span> <span class='ocrx_word' id='word_1_300' title='bbox 1247 2235 1373 2272; x_wconf 87' lang='lat' dir='ltr'><strong>Alliam</strong></span> <span class='ocrx_word' id='word_1_301' title='bbox 1389 2239 1458 2275; x_wconf 86' lang='lat' dir='ltr'><strong>sint</strong></span> <span class='ocrx_word' id='word_1_302' title='bbox 1468 2238 1701 2276; x_wconf 79' lang='lat' dir='ltr'><strong>constituti.—</strong></span> 
     </span>
     <span class='ocr_line' id='line_1_53' title="bbox 1021 2290 1700 2336; baseline 0.001 -11"><span class='ocrx_word' id='word_1_303' title='bbox 1021 2292 1130 2325; x_wconf 76' lang='lat' dir='ltr'><strong>Allia.</strong></span> <span class='ocrx_word' id='word_1_304' title='bbox 1152 2290 1304 2325; x_wconf 88' lang='lat' dir='ltr'><strong>Flumen</strong></span> <span class='ocrx_word' id='word_1_305' title='bbox 1327 2291 1525 2336; x_wconf 88' lang='lat' dir='ltr'><strong>quindecim</strong></span> <span class='ocrx_word' id='word_1_306' title='bbox 1549 2291 1700 2326; x_wconf 88' lang='lat' dir='ltr'><strong>millibus</strong></span> 
     </span>
     <span class='ocr_line' id='line_1_54' title="bbox 1021 2342 1701 2387; baseline 0.001 -11"><span class='ocrx_word' id='word_1_307' title='bbox 1021 2355 1184 2387; x_wconf 86' lang='lat' dir='ltr'><strong>passuum</strong></span> <span class='ocrx_word' id='word_1_308' title='bbox 1197 2343 1239 2377; x_wconf 90' lang='lat' dir='ltr'><strong>ab</strong></span> <span class='ocrx_word' id='word_1_309' title='bbox 1251 2342 1336 2377; x_wconf 90' lang='lat' dir='ltr'><strong>urbe</strong></span> <span class='ocrx_word' id='word_1_310' title='bbox 1350 2342 1479 2377; x_wconf 85' lang='lat' dir='ltr'><strong>distans</strong></span> <span class='ocrx_word' id='word_1_311' title='bbox 1489 2368 1498 2385; x_wconf 90' lang='lat'><strong>,</strong></span> <span class='ocrx_word' id='word_1_312' title='bbox 1512 2342 1620 2378; x_wconf 88' lang='lat' dir='ltr'><strong>bustis</strong></span> <span class='ocrx_word' id='word_1_313' title='bbox 1631 2343 1701 2378; x_wconf 86' lang='lat' dir='ltr'><strong>Ro-</strong></span> 
     </span>
     <span class='ocr_line' id='line_1_55' title="bbox 1022 2394 1702 2440; baseline 0.001 -11"><span class='ocrx_word' id='word_1_314' title='bbox 1022 2395 1134 2429; x_wconf 87' lang='lat' dir='ltr'><strong>manis</strong></span> <span class='ocrx_word' id='word_1_315' title='bbox 1151 2395 1296 2438; x_wconf 88' lang='lat' dir='ltr'><strong>nobilis,</strong></span> <span class='ocrx_word' id='word_1_316' title='bbox 1320 2394 1436 2429; x_wconf 88' lang='lat' dir='ltr'><strong>deleto</strong></span> <span class='ocrx_word' id='word_1_317' title='bbox 1455 2407 1564 2440; x_wconf 87' lang='lat' dir='ltr'><strong>prope</strong></span> <span class='ocrx_word' id='word_1_318' title='bbox 1584 2395 1625 2429; x_wconf 90' lang='lat' dir='ltr'><strong>ad</strong></span> <span class='ocrx_word' id='word_1_319' title='bbox 1643 2395 1702 2430; x_wconf 89' lang='lat' dir='ltr'><strong>in-</strong></span> 
     </span>
     <span class='ocr_line' id='line_1_56' title="bbox 1022 2445 1702 2488; baseline 0 -6"><span class='ocrx_word' id='word_1_320' title='bbox 1022 2448 1263 2482; x_wconf 83' lang='lat' dir='ltr'><strong>ternecionem</strong></span> <span class='ocrx_word' id='word_1_321' title='bbox 1289 2445 1441 2481; x_wconf 82' lang='lat' dir='ltr'><strong>exercitu</strong></span> <span class='ocrx_word' id='word_1_322' title='bbox 1462 2460 1471 2488; x_wconf 89' lang='lat'>;</span> <span class='ocrx_word' id='word_1_323' title='bbox 1502 2447 1581 2482; x_wconf 85' lang='lat' dir='ltr'><strong>vide</strong></span> <span class='ocrx_word' id='word_1_324' title='bbox 1607 2447 1702 2482; x_wconf 87' lang='lat' dir='ltr'><strong>Flor.</strong></span> 
     </span>
     <span class='ocr_line' id='line_1_57' title="bbox 1022 2498 1702 2544; baseline 0.001 -11"><span class='ocrx_word' id='word_1_325' title='bbox 1022 2499 1081 2534; x_wconf 89' lang='lat' dir='ltr'><strong>lib.</strong></span> <span class='ocrx_word' id='word_1_326' title='bbox 1096 2501 1131 2543; x_wconf 85' lang='grc' dir='ltr'><strong>Ι,</strong></span> <span class='ocrx_word' id='word_1_327' title='bbox 1150 2512 1222 2544; x_wconf 86' lang='lat' dir='ltr'><strong>cap.</strong></span> <span class='ocrx_word' id='word_1_328' title='bbox 1243 2499 1292 2532; x_wconf 86' lang='lat'><strong>13.</strong></span> <span class='ocrx_word' id='word_1_329' title='bbox 1306 2498 1508 2533; x_wconf 58' lang='lat' dir='ltr'><strong>Dour—Ea</strong></span> <span class='ocrx_word' id='word_1_330' title='bbox 1522 2498 1619 2533; x_wconf 87' lang='lat' dir='ltr'><strong>enim</strong></span> <span class='ocrx_word' id='word_1_331' title='bbox 1634 2499 1702 2534; x_wconf 85' lang='lat' dir='ltr'><strong>fuit</strong></span> 
     </span>
     <span class='ocr_line' id='line_1_58' title="bbox 1023 2549 1701 2596; baseline 0.001 -11"><span class='ocrx_word' id='word_1_332' title='bbox 1023 2559 1183 2587; x_wconf 87' lang='lat' dir='ltr'><strong>veterum</strong></span> <span class='ocrx_word' id='word_1_333' title='bbox 1203 2549 1402 2596; x_wconf 85' lang='lat' dir='ltr'><strong>superstitio</strong></span> <span class='ocrx_word' id='word_1_334' title='bbox 1420 2577 1429 2594; x_wconf 91' lang='lat'><strong>,</strong></span> <span class='ocrx_word' id='word_1_335' title='bbox 1454 2558 1494 2585; x_wconf 89' lang='lat' dir='ltr'><strong>ut</strong></span> <span class='ocrx_word' id='word_1_336' title='bbox 1521 2565 1579 2586; x_wconf 89' lang='lat' dir='ltr'><strong>eos</strong></span> <span class='ocrx_word' id='word_1_337' title='bbox 1605 2551 1677 2586; x_wconf 89' lang='lat' dir='ltr'><strong>dies</strong></span> <span class='ocrx_word' id='word_1_338' title='bbox 1691 2578 1701 2595; x_wconf 88' lang='lat'><strong>,</strong></span> 
     </span>
     <span class='ocr_line' id='line_1_59' title="bbox 1026 2601 1698 2648; baseline 0 -10"><span class='ocrx_word' id='word_1_339' title='bbox 1026 2604 1150 2648; x_wconf 90' lang='lat' dir='ltr'><strong>quibus</strong></span> <span class='ocrx_word' id='word_1_340' title='bbox 1162 2602 1296 2637; x_wconf 90' lang='lat' dir='ltr'><strong>cladem</strong></span> <span class='ocrx_word' id='word_1_341' title='bbox 1307 2601 1458 2646; x_wconf 86' lang='lat' dir='ltr'><strong>aliquam</strong></span> <span class='ocrx_word' id='word_1_342' title='bbox 1473 2603 1698 2648; x_wconf 83' lang='lat' dir='ltr'><strong>accepissent,</strong></span> 
     </span>
     <span class='ocr_line' id='line_1_60' title="bbox 1025 2654 1702 2702; baseline 0 -13"><span class='ocrx_word' id='word_1_343' title='bbox 1025 2668 1089 2702; x_wconf 89' lang='lat' dir='ltr'><strong>pro</strong></span> <span class='ocrx_word' id='word_1_344' title='bbox 1111 2654 1251 2689; x_wconf 82' lang='lat' dir='ltr'><strong>nefastis</strong></span> <span class='ocrx_word' id='word_1_345' title='bbox 1280 2667 1318 2688; x_wconf 84' lang='lat' dir='ltr'><strong>ac</strong></span> <span class='ocrx_word' id='word_1_346' title='bbox 1346 2654 1564 2699; x_wconf 87' lang='lat' dir='ltr'><strong>inauspicatis</strong></span> <span class='ocrx_word' id='word_1_347' title='bbox 1587 2654 1702 2689; x_wconf 81' lang='lat' dir='ltr'><strong>habe-</strong></span> 
     </span>
     <span class='ocr_line' id='line_1_61' title="bbox 1025 2705 1699 2756; baseline -0.001 -15"><span class='ocrx_word' id='word_1_348' title='bbox 1025 2713 1106 2742; x_wconf 86' lang='lat' dir='ltr'><strong>rent</strong></span> <span class='ocrx_word' id='word_1_349' title='bbox 1118 2733 1127 2749; x_wconf 90' lang='lat'>‚</span> <span class='ocrx_word' id='word_1_350' title='bbox 1144 2705 1288 2751; x_wconf 84' lang='lat' dir='ltr'><strong>illosque</strong></span> <span class='ocrx_word' id='word_1_351' title='bbox 1308 2707 1483 2756; x_wconf 56' lang='grc' dir='ltr'><strong>ἄκοφράδας</strong></span> <span class='ocrx_word' id='word_1_352' title='bbox 1502 2706 1615 2741; x_wconf 84' lang='lat' dir='ltr'><strong>Graeci</strong></span> <span class='ocrx_word' id='word_1_353' title='bbox 1636 2719 1699 2740; x_wconf 86' lang='lat' dir='ltr'><strong>vo-</strong></span> 
     </span>
     <span class='ocr_line' id='line_1_62' title="bbox 1025 2757 1701 2794; baseline -0.006 -1"><span class='ocrx_word' id='word_1_354' title='bbox 1025 2758 1158 2793; x_wconf 84' lang='lat' dir='ltr'><strong>cabant.</strong></span> <span class='ocrx_word' id='word_1_355' title='bbox 1177 2757 1424 2794; x_wconf 57' lang='lat' dir='ltr'><strong>SAL-mamus.</strong></span> <span class='ocrx_word' id='word_1_356' title='bbox 1437 2777 1481 2784; x_wconf 95' lang='lat'><strong>—</strong></span> <span class='ocrx_word' id='word_1_357' title='bbox 1490 2759 1596 2792; x_wconf 79' lang='lat' dir='ltr'><strong>Fasti.</strong></span> <span class='ocrx_word' id='word_1_358' title='bbox 1608 2757 1701 2791; x_wconf 83' lang='lat' dir='ltr'><strong>Libri</strong></span> 
     </span>
    </p>
   </div>
  </div>
 </body>
</html>
