1794 3100
560 229 631 279 IN
665 229 905 273 OVIDII
938 230 1104 274 IBIN.
1494 232 1550 275 53

128 322 272 371 »cior
293 321 526 371 invenitur.
550 344 572 365 »
599 322 706 370 Ideo
727 322 927 389 Raphael
950 322 1284 379 volaterranus,
1308 322 1553 390 Anthropo-

125 401 264 468 logioe,
286 398 365 448 lib.
392 400 529 459 XXI,
555 399 739 463 dignum
764 420 862 449 eum
878 438 889 459 ,
923 412 975 449 ut
1001 401 1054 449 de
1082 400 1224 450 Coelio
1251 400 1555 464 Quintilianus

126 477 205 536 ait,-
222 476 310 526 vita
321 475 539 539 longiore,
554 477 735 541 ingenio
753 489 898 526 tamen
914 476 1092 526 meliore
1110 477 1384 526 existimavit.
1401 478 1556 541 Quum

127 555 245 605 enim
268 555 540 620 trigesimum
565 567 770 622 quartum
795 556 933 605 aetatis
955 574 1119 604 annum
1141 555 1382 619 attigisset,
1402 556 1559 604 Romae

130 632 402 700 pestilentia,
421 632 488 682 vel
509 644 560 682 ut
576 633 733 682 Jovius
749 645 879 682 antor
897 646 989 692 est,
1014 634 1136 683 febre
1157 645 1409 700 correptuS,
1431 633 1559 682 obiit.

127 711 212 762 Ille
236 713 330 780 ipse
353 724 445 771 est,
471 731 602 779 quem
627 713 680 761 de
701 713 913 762 sacrificio
935 712 1036 772 illo,
1057 713 1181 780 quod
1206 713 1449 776 Gregorius
1471 715 1561 763 Na-

130 790 362 840 zianzenus
384 796 616 854 ἀναίμακτον
642 798 788 840 Suo-{m
802 830 813 851 ,
835 792 1045 859 Synesius
1063 796 1213 845 τελετὴν
1237 795 1456 857 ἀπόῤῥητον
1479 810 1562 838 vo-

130 886 232 922 cant
244 911 256 933 ,
280 874 392 924 male
417 875 677 925 sentientem
699 875 994 943 politissimus
1007 874 1083 924 ille
1099 875 1348 924 Politianus
1364 874 1452 923 hoc
1468 873 1561 941 epi-

131 964 368 1014 grammate
389 952 650 1003 facetissime
676 953 898 1002 traduxit:

396 1059 508 1095 Audit
526 1060 704 1095 Marsilius
719 1060 886 1103 Missam3
902 1060 1044 1096 missam
1060 1059 1145 1095 facis
1159 1059 1253 1095 illam

442 1120 518 1165 Tu,
538 1120 676 1156 Domiti
690 1122 821 1167 :magis
839 1128 892 1157 est
905 1120 1097 1166 relligiosus
1115 1119 1221 1156 uter?

402 1179 495 1226 Quis
511 1181 669 1217 dubitet?
687 1189 787 1218 tanto
802 1195 839 1218 es
854 1189 893 1217 tu
910 1182 1116 1228 relligiosior
1132 1181 1191 1216 illo
1203 1208 1212 1225 ,

442 1240 592 1287 Quanto
609 1242 729 1279 audire
746 1244 864 1278 minus
884 1251 936 1278 est
954 1244 1047 1278 bona
1061 1270 1070 1287 ‚
1089 1256 1195 1289 quarn
1211 1243 1337 1278 facere.

136 1328 288 1378 Nolim
309 1343 455 1381 autem
478 1333 660 1392 referre,
684 1334 806 1401 quod
825 1334 878 1383 de
897 1353 949 1382 eo
968 1334 1220 1383 Ludovicus
1244 1335 1379 1383 Vives
1392 1371 1404 1391 ‚
1427 1333 1504 1381 lib.
1520 1335 1565 1381 II

135 1404 187 1454 de
206 1405 261 1454 V
254 1407 394 1456 eritate
414 1409 567 1467 Fidei,
593 1411 641 1459 in
663 1411 779 1459 hanc
802 1429 893 1459 rem
908 1410 1111 1478 prodidit
1123 1449 1134 1469 ‚
1153 1430 1209 1459 ne
1226 1411 1323 1477 pias
1340 1409 1566 1459 christiani

136 1481 316 1534 lectoris
338 1505 464 1536 aures
493 1487 693 1538 laeserim.
720 1490 936 1538 Caeterum
965 1509 1056 1538 non
1082 1488 1223 1538 multo
1245 1502 1351 1556 post
1376 1488 1572 1538 eamdem

136 1563 408 1628 provinciam
429 1567 624 1635 suscepit
644 1566 1000 1634 Christophorus
1028 1569 1236 1617 Zarottus
1268 1565 1569 1634 Justinopoli-

137 1652 290 1701 tanus,
315 1643 388 1692 cui
409 1654 702 1694 transversum
725 1664 917 1708 unguem
951 1665 975 1693 a
1006 1647 1165 1695 veteris
1188 1647 1442 1713 interpretis
1465 1664 1568 1694 sen-

137 1720 274 1769 tentia
295 1720 515 1772 discedere
535 1723 692 1786 religio
718 1735 785 1772 est
805 1744 814 1772 :
838 1743 925 1790 qua
949 1723 1079 1771 etiam
1104 1735 1386 1790 tempestate,
1412 1741 1571 1790 nempe

137 1815 254 1846 anno
269 1797 505 1854 millesimo
523 1801 878 1868 quingentesimo
898 1801 1067 1849 decimo
1081 1813 1231 1858 sexto,
1250 1801 1436 1849 Andreae
1450 1801 1572 1848 Nau-

140 1875 249 1936 gerii
264 1876 610 1936 Annotationes,
625 1877 676 1926 de
683 1877 910 1927 diversitate
926 1877 1180 1935 Lectionmn,
1199 1878 1246 1926 in
1259 1878 1405 1926 omnia
1419 1877 1573 1926 Ovidii

142 1970 276 2018 opera
308 1955 510 2006 Venetiis
538 1955 815 2023 prodierunt.
855 1956 967 2005 Post
987 1954 1148 2023 paulo,
1172 1956 1373 2005 Jodocus
1406 1956 1573 2004 Badius

142 2030 382 2082 Ascensius
411 2033 457 2082 in
483 2033 672 2083 Domitii
700 2033 835 2082 verba
869 2034 1063 2099 juratus,
1094 2033 1213 2082 hunc
1241 2033 1440 2083 libellum
1464 2033 1574 2082 tiro-

87 2143 89 2147 ι
144 2109 280 2158 nibus
301 2112 530 2165 enarravit.
554 2112 660 2177 Fuit
678 2110 751 2160 ille
769 2112 1094 2179 typographus,
1118 2112 1225 2160 etin
1249 2112 1322 2160 illa
1347 2124 1441 2160 tum
1466 2110 1575 2160 cele-

143 2187 335 2237 berrima
348 2191 535 2239 Lutetiae
553 2196 619 2245 τῆς
634 2196 856 2254 οἰκουμένης
881 2196 1062 2254 ἐπιτομῆς
1081 2190 1316 2239 Academia
1328 2227 1339 2248 ‚
1358 2208 1576 2253 gramma-

146 2268 251 2317 tices
285 2268 537 2335 professor,
561 2270 641 2319 ubi
675 2269 938 2329 familiares,
963 2283 1015 2319 ut
1036 2271 1132 2338 ipse
1155 2269 1377 2336 loquitur,
1404 2267 1580 2335 exposi-

145 2345 289 2394 tiones
317 2346 364 2394 in
386 2358 589 2395 auctores
607 2384 618 2403 ,
661 2367 796 2414 quum
819 2359 988 2396 veteres
1005 2385 1016 2405 ,
1055 2359 1149 2395 tum
1177 2358 1397 2402 recentes,
1434 2363 1578 2411 prope

144 2422 488 2473 innumerabiles
511 2423 664 2472 edidit.
698 2423 823 2487 Quin
848 2424 976 2472 etiam
1011 2423 1214 2489 Baptista
1246 2420 1463 2484 Egnatius
1487 2421 1580 2468 Ve—

144 2513 296 2560 netus,
320 2502 387 2550 vir
407 2514 533 2551 aetate
564 2521 643 2551 sua
674 2501 821 2565 magni
853 2501 1070 2558 nominis,
1098 2500 1314 2548 brevibus
1336 2499 1429 2548 suis
1451 2511 1582 2547 nota-

147 2578 346 2627 tionibus
378 2598 472 2627 non
496 2598 654 2646 parum
695 2578 898 2642 caliginis
924 2578 1028 2626 inde
1063 2577 1261 2635 sustulit.
1305 2578 1417 2626 Post
1456 2576 1584 2626 illum

151 2656 302 2705 Guido
334 2657 629 2721 Morillonus,
658 2676 789 2724 quem
814 2656 1038 2706 Adrianus
1061 2656 1224 2705 Junius
1261 2655 1404 2705 virum
1429 2655 1583 2704 multi—

146 2733 251 2799 juga
271 2733 494 2793 doctrina,
521 2733 817 2789 etomnifaria
842 2732 1030 2782 lectione
1044 2771 1056 2791 ‚
1083 2745 1215 2799 atque
1235 2731 1524 2781 humanitatis
1543 2743 1586 2779 et
