1794 3100
461 232 555 290 DE
583 246 635 289 P.
674 246 936 291 ovlmo
967 246 1261 292 NAsoNE.
1492 223 1579 312 39&

151 337 351 397 Regimldi
372 339 621 380 cadomensis
643 339 811 392 librarii)
830 341 985 394 optimis
1004 341 1310 381 characteribus
1298 357 1503 393 lmpressus
1522 345 1584 386 fe-

149 405 274 446 liciter
290 405 396 453 finit3
418 419 465 445 ex
485 406 546 446 die
568 417 615 445 Vl
635 406 868 495 Septembris
888 407 943 446 Μ.
967 406 1126 446 CCCC.
1144 408 1403 449 LXXXXVI.
1419 426 1439 444 n
1464 410 1525 449 in—
1506 410 1580 493 -40,

148 470 312 522 Panzer,
334 474 518 521 tom-11,
543 487 627 528 pag.
638 469 727 511 312
750 487 828 527 seq.

154 543 158 550 '
201 539 557 594 Metamorphoseos
583 555 671 581 cum
689 540 844 581 laudatis
862 540 1246 582 commentationibus
1270 541 1449 594 (scilicet
1467 556 1581 583 enar—-

147 606 357 648 rationibus
373 607 497 662 Raph.
517 608 666 665 Regii)
685 608 785 648 libri.
811 610 859 648 In
880 608 954 648 fine
975 622 983 646 :
1013 626 1033 644 «
1059 610 1290 662 lmpressum
1311 610 1469 650 Venetis
1492 612 1581 651 cha-

146 675 352 716 ueteribus
387 689 488 718 anno
520 676 601 715 Dni
638 677 941 716 MLXXXXVI.
974 692 994 711 »
1027 677 1163 729 (sic.)
1189 676 1324 718 in-fol.
1343 700 1398 707 —
1415 679 1579 728 Panzer,

146 750 240 783 tom.
263 745 351 793 111,
375 758 460 800 pag.
483 742 576 792 404.

198 808 308 857 Libri
330 811 530 852 Fastorum
551 827 638 853 cum
659 821 863 853 comment.
893 812 932 853 V
928 813 1074 853 medis.
1090 811 1443 863 in-fol.-Panzer‚
1459 813 1551 854 ibid.

811 899 927 956 1497.

199 989 384 1043 Epistolae
404 989 620 1030 Heroidum
636 1004 724 1030 cum
740 997 945 1029 comment.
964 989 1059 1028 Ant.
1079 988 1217 1029 Volsci
1234 996 1272 1028 et
1293 988 1474 1030 Uhertini
1490 990 1581 1030 Cle-

144 1055 244 1105 rici,
268 1063 308 1095 et
325 1055 368 1095 in'
389 1055 476 1096 Ibin
500 1071 586 1096 cum
610 1064 816 1096 comment.
845 1055 1011 1096 Domitii
1037 1055 1242 1095 Calderini.
1285 1056 1323 1095 V
1319 1057 1450 1095 eneh'is
1468 1086 1480 1106 ‚
1512 1071 1582 1110 per

144 1121 206 1161 J0.
234 1122 445 1162 Tacuinum
460 1123 506 1162 de
532 1123 698 1163 Tridino.
721 1123 855 1163 in-fol.
875 1142 929 1153 --
948 1123 1107 1171 Panzer,
1131 1130 1227 1162 tom.
1250 1123 1311 1162 Ill
1328 1151 1340 1171 ‚
1356 1137 1440 1178 pag.
1457 1121 1550 1170 415.

199 1193 261 1233 De
281 1193 381 1234 Arte
396 1194 562 1234 Amandi
577 1203 614 1234 et
631 1195 677 1235 de
694 1195 882 1234 Remedio
904 1193 1081 1243 Amoris,
1098 1207 1185 1232 cum
1199 1202 1393 1234 comment
1407 1195 1580 1241 Barthol

143 1259 317 1301 Merulae.
350 1261 553 1313 Lugduni,
580 1263 680 1315 typzs
704 1262 750 1302 P.
787 1261 1028 1302 Mar-eschall
1054 1267 1092 1299 et
1121 1260 1353 1300 Chaussard.
1377 1261 1500 1311 ixx-4⁰.
1526 1283 1581 1292 ——

143 1324 243 1364 Bibl.
260 1325 433 1382 Γεγεω
453 1342 538 1383 pag.
564 1342 655 1366 221.

196 1390 562 1446 Metamorphoseon
583 1392 670 1432 libri
689 1407 777 1432 cum
794 1400 999 1432 comment.
1016 1392 1141 1446 Raph.
1158 1392 1284 1447 Regii.
1306 1392 1495 1444 Lugduni,
1513 1408 1582 1448 per

139 1455 329 1495 Jacobum
353 1452 516 1496 Malliet.
538 1458 650 1508 in—40
653 1489 662 1498 .
678 1479 733 1489 -
752 1458 918 1508 Panzer,
941 1465 1036 1498 tom.
1061 1461 1077 1498 1
1098 1488 1110 1508 ,
1135 1473 1218 1514 pag.
1239 1456 1331 1498 552.

194 1523 519 1579 Metamorphosis
531 1541 616 1566 cum
637 1526 797 1582 integris
813 1541 854 1566 ac
868 1526 1181 1574 emendatissimis
1200 1515 1324 1580 Raph.
1342 1527 1457 1583 Regii
1473 1542 1580 1577 enar·-

140 1590 352 1630 rationibus
377 1600 415 1631 et
434 1592 736 1646 reprehensione
772 1592 922 1633 illarum
961 1593 1190 1646 ineptiarum
1208 1621 1219 1641 ‚
1250 1593 1387 1647 quibus
1423 1593 1581 1635 ultimus

141 1655 356 1705 Quaternio
368 1658 502 1712 primae
519 1652 699 1699 editionis
715 1658 789 1698 fuit
808 1659 1045 1713 inquinatus.
1065 1661 1111 1698 ln
1125 1660 1198 1698 fine
1214 1689 1225 1708 ‚
1251 1668 1341 1711 post
1360 1660 1449 1699 duas
1467 1661 1582 1716 Regii

139 1723 332 1775 Epistulas
357 1740 366 1764 ε
396 1744 416 1761 «
439 1726 482 1767 Si
504 1727 595 1781 quid
610 1727 710 1766 forte
724 1727 933 1766 litterarum
958 1727 1224 1779 immutatione
1244 1757 1255 1776 ‚
1280 1737 1352 1768 etc.
1375 1727 1580 1768 offenderis

138 1790 311 1832 studiose
327 1791 449 1833 lector
468 1793 507 1832 id
531 1794 784 1834 correctionis
810 1793 1023 1833 difficultati
1044 1786 1204 1835 ascribas
1219 1804 1331 1849 rogat
1352 1795 1487 1835 Simon
1505 1796 1581 1836 Ti-

138 1855 302 1897 cinensis
327 1867 587 1915 cognomento
606 1859 796 1913 bihilaqua
817 1875 825 1898 :
855 1860 962 1914 cujus
996 1860 1184 1900 industria
1212 1861 1334 1911 Raph.
1369 1862 1514 1916 Regius
1541 1862 1583 1901 in

137 1921 214 1963 hoc
233 1937 348 1978 opere
364 1924 614 1965 describendo
635 1941 725 1965 usus
747 1933 818 1965 est.
837 1926 1009 1966 venetiis
1023 1956 1034 1975 .,
1061 1927 1234 1980 principe
1254 1925 1407 1966 feliciss.
1425 1926 1582 1983 Augus—

136 1988 221 2028 tino
244 1989 466 2032 Barbadico·
498 1992 648 2034 Octavo
676 1992 767 2032 Idus
792 1992 887 2032 Julii
911 1993 967 2032 M.
990 1992 1308 2034 CCCCXCVII.
1329 2012 1349 2029 υ
1374 1993 1509 2034 in—fol.
1525 2016 1579 2024 —-

138 2055 301 2108 Panzer,
323 2066 416 2098 tom.
438 2059 503 2100 Ill
523 2089 535 2111 ‚
553 2075 636 2116 pag.
660 2057 753 2109 413.
771 2094 774 2097 ⁴

194 2125 396 2165 Fastorum
407 2125 494 2166 libri
510 2142 572 2166 sex
585 2155 596 2175 ‚
615 2142 703 2167 cum
718 2135 922 2167 comment.
938 2127 1047 2167 Pauli
1066 2128 1185 2167 Marsi
1207 2135 1246 2168 et
1266 2127 1432 2168 Antonii
1448 2128 1583 2169 Cons-

140 2190 250 2230 tantii
277 2191 471 2231 Fanensis.
504 2194 551 2231 ln
580 2192 655 2231 fine
679 2207 687 2230 :
725 2210 745 2228 α
767 2196 998 2244 lmpressum
1022 2194 1191 2234 venetiis
1214 2209 1331 2246 opera
1353 2203 1391 2235 et
1413 2196 1582 2248 impensa

138 2258 378 2298 solertissimi
403 2259 477 2299 viri
499 2259 662 2300 Joannis
686 2260 848 2299 Tacuini
864 2261 909 2301 de
925 2261 1089 2301 Tridino
1114 2276 1271 2302 censore
1289 2263 1373 2302 viro
1394 2263 1581 2303 eruditis-

137 2323 235 2364 simo
255 2323 543 2365 Bartholomaeo
559 2325 726 2374 Merula,
745 2327 968 2367 Mantuano.
996 2328 1143 2383 inclyto
1164 2342 1205 2367 ac
1224 2328 1443 2367 felicissimo
1469 2329 1582 2382 prin-

138 2391 222 2442 cipe
259 2392 482 2448 Augustino
520 2391 743 2432 Barbadico.
776 2393 894 2434 Anno
932 2394 1395 2434 MCCCCLXXXXVII
1414 2424 1425 2443 ‚
1457 2395 1579 2447 pridie

139 2458 230 2498 Idus
252 2459 374 2499 Junii.
397 2477 417 2495 n
442 2459 581 2499 in-fol.
606 2482 662 2490 -
678 2459 845 2510 Panzer,
867 2470 962 2500 tom.
985 2461 1049 2500 Ill
1068 2491 1079 2509 ‚
1100 2477 1183 2516 pag.
1208 2460 1301 2510 415.

195 2529 362 2571 Ovidius
377 2531 418 2570 in
436 2532 603 2583 Sappho.
620 2531 779 2585 Lz‘psioe.
791 2532 909 2582 in-40.
926 2556 980 2563 —
1000 2534 1143 2572 Panzer
1156 2563 1167 2582 ‚
1187 2541 1282 2572 tom.
1308 2534 1323 2571 1
1342 2561 1353 2582 ‚
1378 2548 1464 2590 pag.
1483 2533 1576 2583 488.

798 2618 914 2675 1498.

202 2705 368 2753 Veneta,
402 2706 528 2756 Vm,
551 2707 744 2758 Operum,
774 2722 862 2747 cura
887 2708 988 2747 Boni
1012 2708 1190 2748 Accursii
1227 2709 1366 2749 Pisani.
1401 2711 1446 2749 ln
1460 2700 1543 2750 'fine
1569 2725 1577 2747 :

149 2789 170 2807 α
189 2772 318 2813 Publii
335 2772 468 2816 Ovidii
482 2774 647 2815 Nasonis
663 2773 928 2817 Sulmonensis
953 2784 1079 2829 poetae
1102 2776 1435 2830 clarissimiopera
1453 2776 1579 2817 omnia
