1794 3100
532 254 621 298 ET
655 252 1158 298 PRAEFATIONES.
1483 252 1566 312 293

135 345 257 396 dant.
286 347 436 414 Atque
458 357 511 394 ut
530 345 646 395 hanc
669 346 715 394 in
736 358 905 413 partem
931 346 1091 395 diversi
1114 345 1353 411 scriptores
1376 345 1567 403 abeunt,

138 423 264 474 sicin
283 424 466 491 hujusce
489 437 635 491 etymo
654 423 815 473 mirum
833 425 878 472 in
895 425 1076 473 modum
1092 423 1281 479 variant,
1299 421 1463 489 quibus
1476 423 1570 472 haec

134 499 311 567 scriptis
328 500 517 567 prodere
533 500 732 550 studium
751 500 837 549 fuit
857 521 866 549 :
889 501 1050 550 dictam
1073 500 1189 549 enim
1213 500 1391 566 quidam
1413 498 1572 547 volunt

133 576 243 642 napa*
257 577 306 626 τὲ
319 576 494 635 'edm'wr
504 576 807 631 τοδφτεθνεῶτας
824 599 832 625 ;
852 578 942 627 fere
961 578 1076 626 enim
1090 577 1399 626 defunctorum
1417 575 1570 625 laudes

134 655 222 704 hoc
241 655 432 704 carmine
449 656 848 723 prosequebantur.
869 645 958 704 Alii
972 654 1050 703 ἀπὸ
1069 657 1146 702 τοῦ
1158 654 1269 702 ἐλεεῖν
1281 692 1292 711 ,
1311 655 1356 702 id
1374 666 1442 703 est
1455 693 1467 712 ,
1485 655 1568 702 mi-

134 731 268 780 sereri
298 751 309 780 :
339 732 460 798 quod
487 731 656 781 scilicet
680 732 951 781 miseriarum
977 732 1158 800 plenum
1191 750 1286 780 esse
1317 730 1455 779 soleat
1483 730 1569 780 hoc

133 811 338 860 carminis
361 824 516 875 genus.
556 812 671 861 Huic
698 811 976 879 etymologiae
997 811 1207 861 adsentiri
1230 810 1406 859 videtur
1436 809 1566 859 Flac-

132 906 232 946 cus,
255 889 333 955 qui
347 888 400 937 ad
420 888 605 937 Albium
622 888 854 938 Tibullum
875 889 1095 947 scribens,
1122 888 1203 937 lib.
1225 889 1244 936 I
1265 907 1395 936 carm.
1418 886 1567 951 elegos

131 966 405 1016 miserabiles
433 980 574 1016 vocat.
613 968 839 1035 Superiori
864 979 1011 1017 autem
1034 970 1155 1016 Naso
1170 1005 1182 1019 ,
1208 967 1285 1035 qui
1309 967 1356 1015 in
1379 965 1570 1033 epistola

132 1043 368 1110 Sapphus,
393 1043 575 1108 elegiam
600 1064 770 1094 carmen
796 1044 966 1103 flebile,
992 1045 1039 1092 in
1057 1044 1300 1092 Amoribus
1319 1044 1461 1110 ipsam
1481 1042 1570 1092 ele-

133 1122 248 1184 giam
267 1121 458 1172 flebilem
483 1123 687 1191 adpellat.
714 1122 933 1173 Nonnulli
961 1122 1018 1171 ab
1045 1121 1087 1169 αῖ
1102 1120 1215 1188 (ἕὲ)
1239 1122 1568 1187 interjectione,

132 1199 193 1248 ita
215 1211 266 1247 ut
287 1200 393 1267 legia
421 1201 480 1249 sit
501 1201 695 1251 nominis
717 1201 1073 1269 supplementum
1090 1238 1103 1258 ,
1129 1212 1173 1249 et
1194 1199 1307 1248 nihil
1332 1199 1563 1263 significet.

134 1277 521 1339 Eadem'ratione,
556 1299 641 1347 qua
672 1279 844 1329 Gellius
872 1279 1156 1347 Quinquatrus
1186 1278 1326 1327 dictas
1356 1278 1519 1338 voluit,
1543 1298 1568 1328 a

134 1355 331 1423 quinque
356 1356 526 1406 dierum
548 1376 760 1416 numero,
789 1357 865 1425 qui
887 1370 991 1406 sunt
1015 1358 1071 1406 ab
1094 1357 1245 1406 idibus
1276 1377 1286 1404 :
1318 1366 1433 1405 uirus
1463 1375 1569 1406 vero

133 1433 246 1483 nihil
282 1434 552 1498 significare;
578 1435 797 1503 siquidem
822 1435 1026 1503 Phrygiae
1059 1455 1133 1485 rex
1165 1435 1335 1492 Midas,
1359 1435 1465 1484 dum
1488 1452 1570 1502 pa-

132 1513 246 1562 renti
257 1513 374 1579 justa
393 1527 646 1581 perageret,
663 1514 746 1563 hac
761 1514 1066 1580 interjectione
1082 1514 1338 1582 frequenter
1348 1534 1457 1563 usus
1475 1533 1570 1564 esse

134 1592 312 1642 dicitur.
333 1593 460 1642 Licet
481 1592 556 1641 a'lii
579 1593 779 1652 tradant,
804 1593 1042 1643 Theoclem
1066 1594 1257 1642 Naxium
1271 1631 1283 1649 ,
1308 1593 1398 1642 sive
1417 1593 1570 1660 potius

133 1672 436 1738 Erythraeum,
472 1661 725 1738 frequenter
748 1690 829 1738 per
857 1673 1018 1720 amoris
1042 1672 1257 1721 insaniam
1283 1671 1569 1720 vociferatum

134 1767 226 1799 esse
237 1787 249 1807 ‚
266 1753 334 1806 αῖ,
352 1751 417 1806 αῖ,
440 1750 510 1797 αῒε
524 1750 628 1799 inde
639 1749 814 1817 aliquot
830 1750 992 1799 additis
1009 1749 1152 1799 literis
1165 1788 1177 1808 ‚
1193 1750 1374 1814 elegiam
1388 1750 1569 1799 dictam.

134 1827 283 1892 Quam
307 1826 618 1895 etymologiam
644 1830 782 1878 secuti
801 1829 1009 1878 videntur
1024 1829 1090 1877 illi
1105 1867 1116 1886 ,
1144 1830 1222 1896 qui
1245 1830 1571 1880 contenderunt

134 1904 315 1968 elegiam
334 1906 577 1974 producere
598 1906 770 1974 priores
793 1908 903 1961 duas
927 1907 1131 1975 syllabas.
1161 1909 1244 1957 His
1265 1921 1411 1958 tamen
1431 1909 1569 1958 refra-

136 1994 266 2047 gatur
287 1985 526 2051 Papinius,
562 1986 686 2051 cujus
711 1985 796 2035 tale
818 1999 886 2036 est
908 1987 954 2035 in
983 1986 1125 2054 Sylvis
1145 2007 1317 2036 carmen
1350 2009 1360 2036 :
1394 2010 1416 2030 «
1444 1988 1570 2052 Quas

139 2083 163 2103 υ
188 2061 306 2110 inter
328 2062 455 2112 vultu
474 2063 683 2130 petulans
703 2063 843 2128 elegia
862 2066 1148 2133 propinquat.
1176 2089 1197 2109 »
1225 2068 1337 2114 Item
1361 2066 1544 2115 Persius
1558 2103 1570 2124 ,

137 2137 228 2186 Sat.
256 2157 274 2186 1
293 2177 306 2197 ,
324 2138 472 2188 dicens
493 2161 502 2188 ε
528 2163 549 2183 «
570 2140 713 2190 Ebria
728 2154 924 2202 veratro,
943 2162 1038 2192 non
1061 2143 1098 2192 si
1123 2163 1209 2210 qua
1227 2143 1365 2207 elegia
1387 2143 1528 2191 crudi.
1545 2165 1568 2186 »

136 2217 228 2265 Nec
253 2216 452 2276 defuere,
477 2218 554 2284 qui
584 2218 640 2266 ab
673 2220 896 2278 ἔληαίνοιν,
924 2221 1047 2288 quod
1069 2234 1134 2270 est
1156 2221 1375 2279 insanire,
1409 2221 1571 2269 dictam

136 2292 360 2343 voluerint
381 2315 390 2343 ε
413 2296 537 2362 quod
557 2307 883 2364 mentesscaptus
900 2298 1135 2357 Theodes,
1159 2299 1212 2348 de
1237 2319 1326 2366 quo
1347 2317 1481 2365 supra
1502 2298 1571 2345 di-

137 2383 258 2420 ctum
283 2385 378 2430 est,
404 2392 456 2422 eo
479 2374 685 2423 carminis
709 2394 865 2438 genere
886 2377 1150 2426 vociferatus
1173 2378 1243 2425 sit.
1268 2377 1417 2424 Primo
1434 2376 1572 2440 igitur

137 2469 208 2499 res
231 2463 402 2500 tautum
438 2452 611 2511 tristes,
635 2471 685 2500 ac
720 2453 991 2503 miseriarum
1014 2454 1180 2522 plenae,
1215 2453 1407 2518 elegiaco
1441 2474 1571 2503 versu

138 2527 523 2588 describebantur3
547 2549 648 2578 mox
663 2542 706 2578 et
722 2529 828 2579 laetae
841 2569 853 2589 ‚
876 2532 1118 2598 praesertim
1141 2551 1312 2580 amores
1326 2569 1338 2590 ,
1358 2550 1410 2580 eo
1428 2544 1570 2581 metro

138 2605 234 2653 cani
259 2619 512 2672 coeperunt,
538 2608 659 2675 quod
682 2619 726 2656 et
743 2606 927 2657 Flaccus
944 2609 992 2656 in
1011 2609 1118 2656 Arte
1140 2607 1315 2674 poetica
1337 2608 1401 2657 sic
1425 2621 1574 2657 osten-

139 2683 235 2733 dit:
263 2707 284 2727 «
307 2685 524 2735 Versibus
559 2687 787 2755 impariter
815 2687 980 2753 junctis
1017 2686 1178 2751 elegeia
1201 2688 1394 2755 primum
1414 2725 1425 2744 ,
1464 2689 1574 2736 Post

142 2783 166 2803 »
193 2761 323 2810 etiam
346 2762 516 2813 inclusa
535 2775 603 2813 est
616 2765 705 2813 voti
728 2765 944 2814 sententia
968 2784 1165 2832 compos.
1190 2790 1211 2808 n
1238 2766 1366 2815 Unde
1387 2768 1506 2815 Naso
1528 2766 1573 2813 in
