1794 3100
223 212 308 252 310
672 209 1205 255 DEDICATIONES

222 303 439 370 praecipue
470 314 725 369 poetarum,
764 303 839 368 qui
877 321 1027 351 omnes
1050 303 1220 352 Suffeni
1253 315 1355 352 sunt
1378 315 1421 351 et
1442 305 1639 371 Aquiuii.

220 379 430 442 Indulget
445 380 631 428 Ovidius
649 379 824 443 ingenio
841 398 922 428 suo
940 399 950 427 :
962 380 1203 438 advectum,
1222 379 1352 427 credo
1363 399 1380 437 ,·
1393 391 1460 428 est
1473 379 1640 448 aliqnid

223 475 275 504 ex
299 454 446 503 Africa
476 455 579 503 novi
606 476 616 503 :
642 474 697 504 an
731 456 768 504 si
797 456 930 518 genio
955 475 1035 504 suo
1059 455 1643 524 indulgeretrsaperemul—

224 544 370 580 torum
397 531 561 597 judicio
599 531 839 590 diceretur,
861 532 989 580 Fabii
1013 533 1226 581 sententia
1255 533 1425 582 dicetur
1454 534 1644 583 insanire

225 608 344 674 quod
377 627 458 656 suo
496 606 696 670 indulget
732 609 944 671 ingenio?
972 609 1112 658 Bonis
1142 609 1304 658 nostris
1324 610 1580 673 ‘benignius
1599 613 1645 661 et

225 685 450 734 liberalius
473 724 484 744 ,
524 687 631 735 citra
659 687 1039 753 reprehensionem
1060 725 1072 745 ,
1107 687 1240 736 nobis
1272 688 1338 736 uti
1369 686 1639 738 conceditur.

224 764 401 812 Nostris
425 763 636 826 ingeniis,
663 776 869 830 tanquam
881 765 1033 830 equis,
1059 785 1148 831 quo
1171 764 1349 814 libitum
1370 777 1436 814 est
1457 785 1645 833 cumque

223 842 453 899 vehimur;
479 861 767 908 campumque
790 847 834 890 et'
856 842 1080 908 planitiem
1105 842 1252 899 nacti,
1276 861 1368 891 non
1389 855 1477 891 tam
1496 844 1552 892 iis
1575 844 1645 892 ad-

224 921 425 969 ducimus
445 921 665 978 habenas,
693 939 821 986 quam
847 919 1041 969 laxamus
1064 932 1109 969 et
1129 921 1427 971 immittimus.»
1455 922 1646 971 Lascivit

225 997 438 1053 Ovidius,
472 1008 516 1044 et
547 995 759 1053 luxuriat;
785 996 872 1044 hoc
897 1015 979 1059 ego
1005 996 1124 1045 laudi
1152 997 1290 1054 duco,
1322 997 1442 1063 quod
1466 1009 1514 1045 tu
1536 997 1644 1046 vitio

223 1075 355 1123 vertis
376 1095 386 1122 ε
410 1075 531 1140 quod
558 1087 606 1122 tu
639 1075 793 1123 obesse
816 1086 966 1142 putas,
989 1074 1034 1122 id
1058 1093 1140 1138 ego
1162 1075 1370 1140 prodesse
1392 1073 1648 1124 adolescen-

223 1151 419 1200 tulorum
444 1151 602 1200 studiis
626 1152 844 1200 existimo.
874 1154 934 1200 Et
956 1171 1059 1200 vero
1083 1152 1330 1218 pervincam
1346 1189 1358 1209 ,
1381 1170 1434 1199 eo
1458 1151 1495 1200 si
1512 1162 1648 1199 cem}

222 1248 321 1277 mus
342 1228 510 1294 judice,
537 1247 665 1293 quem
685 1240 733 1277 tu
749 1228 950 1294 iniquum
969 1228 1127 1293 ejerare
1145 1246 1236 1276 non
1253 1227 1425 1276 audeas.
1444 1249 1474 1270 ια
1500 1226 1643 1283 Volo,

226 1329 249 1349 »
276 1306 423 1372 inquit
444 1307 510 1354 Μ.
535 1304 710 1353 Tullius
728 1306 773 1352 in
793 1304 868 1366 lib.
889 1307 933 1354 II
952 1306 1005 1353 de
1024 1307 1238 1363 Oratore,
1256 1324 1301 1354 se
1315 1305 1465 1357 efferat
1482 1306 1529 1354 in
1545 1306 1646 1355 ado·

225 1406 248 1426 »
274 1382 464 1432 lescente
483 1383 766 1439 soecunditas;
787 1402 887 1431 nam
904 1383 1073 1431 facilius
1088 1422 1100 1441 ,
1124 1383 1297 1431 sicutin
1317 1382 1505 1440 vitibus,
1525 1401 1646 1432 revo-

226 1484 249 1504 »
278 1471 433 1509 cantur
456 1478 551 1526 quae
574 1478 621 1507 se
642 1458 1170 1526 nimiumprofuderunt,
1194 1477 1322 1525 quam
1340 1458 1379 1507 si
1395 1458 1510 1507 nihil
1530 1458 1645 1507 valet

225 1563 249 1583 »
276 1540 476 1588 materies
487 1576 499 1597 ,
521 1558 633 1586 nova
649 1550 863 1587 sarmenta
876 1538 1046 1587 cultura
1062 1538 1305 1586 excitantur
1325 1556 1335 1585 :
1355 1539 1418 1586 ita»
1432 1537 1535 1586 volo
1550 1556 1644 1588 esse

225 1640 250 1660 >›
277 1618 323 1664 in
345 1615 623 1664 adolescente
648 1615 761 1675 unde
784 1615 950 1681 aliquid
973 1626 1208 1681 amputem.
1237 1617 1340 1664 Non
1356 1616 1478 1672 enim
1499 1627 1647 1682 potest

225 1717 249 1737 »
277 1694 325 1742 in
358 1712 409 1741 eo
439 1712 595 1741 succus
627 1712 718 1741 esse
749 1692 1011 1751 diuturnus,
1039 1693 1159 1759 quod
1195 1692 1325 1742 nimis
1353 1692 1549 1742 celeriter
1578 1705 1646 1743 oet

224 1796 249 1816 υ
272 1772 565 1820 maturitatem
595 1771 815 1837 adeptum.
841 1793 864 1814 »
896 1771 983 1819 Sed
1013 1770 1119 1836 quid
1150 1789 1234 1832 ego
1266 1772 1329 1820 M.
1357 1771 1558 1821 Tullium
1574 1772 1645 1820 ad-

222 1849 371 1917 pello?
394 1850 458 1895 Te
484 1847 566 1895 tibi
583 1848 774 1913 judicem
797 1847 916 1905 fero;
944 1860 987 1896 te
1008 1845 1334 1896 tuis-damnabo
1351 1847 1538 1907 tabulis,
1563 1850 1643 1915 qui

219 1928 352 1989 longe
383 1925 511 1992 plura
545 1925 590 1972 in
627 1943 721 1973 eam
758 1925 1015 1973 sententiam
1044 1924 1280 1990 disputasti
1303 1926 1444 1992 capite
1481 1939 1641 1993 quarto

221 2003 327 2051 libri
351 2001 532 2049 secundi
561 2021 570 2048 :
602 2020 699 2065 quae
725 2012 768 2049 et
788 2000 1014 2049 brevitatis
1035 2019 1163 2049 causa
1187 2000 1397 2067 praetereo
1414 2041 1424 2060 ,
1449 2014 1495 2050 et
1515 2014 1569 2051 ut:
1586 2000 1642 2052 ad

224 2081 427 2152 Senecam
455 2078 623 2127 veniam
654 2098 665 2125 :
693 2078 818 2142 cujus
853 2097 942 2144 quo
969 2080 1130 2127 nomen
1153 2090 1219 2126 est
1242 2079 1382 2143 majus
1401 2091 1446 2127 et
1469 2081 1643 2142 gravior

222 2155 486 2205 existimatio
500 2194 510 2212 ,
534 2154 619 2202 hoc
637 2166 703 2203 est
720 2155 971 2204 adcuratius
990 2174 1172 2205 censura
1189 2156 1435 2205 refellenda.
1452 2160 1505 2207 I'n
1522 2158 1639 2206 libro

223 2232 626 2283 Controversiarum
649 2232 862 2290 secundo,
889 2234 1181 2282 controversia
1202 2235 1331 2283 tertia
1354 2231 1505 2300 (quod
1527 2250 1640 2300 opus

217 2313 412 2378 patrisne
435 2312 629 2369 Senecae,
652 2329 708 2358 an
726 2310 806 2358 filii
831 2312 914 2369 sit,
940 2311 1045 2360 alias
1071 2312 1269 2374 videro),
1292 2313 1382 2361 baec
1400 2313 1454 2360 de
1474 2312 1638 2361 ovidio

218 2388 452 2452 leguntur:
483 2410 506 2431 ‹<
533 2387 818 2436 Declamabat
840 2389 957 2437 Naso
981 2408 1081 2437 raro
1107 2389 1448 2448 controversias,
1481 2402 1524 2439 et
1546 2406 1639 2438 non

222 2488 246 2508 u
270 2466 358 2513 nisi
374 2465 539 2516 ethicas
559 2486 570 2514 ε
588 2464 801 2514 libentius
818 2466 990 2514 dicebat
1005 2465 1237 2514 suasorias.
1258 2463 1450 2514 Molesta
1467 2466 1533 2514 illi
1548 2478 1642 2515 erat

218 2563 242 2584 »
274 2541 418 2589 omnis
441 2541 760 2604 argumentatio
792 2561 803 2590 ε
834 2541 976 2590 verbis
997 2541 1173 2589 minime
1197 2534 1379 2589 licenter
1400 2560 1510 2590 usus
1538 2553 1637 2599 est,

221 2641 244 2660 »
271 2617 357 2666 nisi
387 2617 434 2665 in
460 2618 725 2667 carminibus
758 2638 768 2667 τ
794 2619 841 2667 in
866 2618 1028 2685 quibus
1049 2637 1142 2666 non
1160 2617 1383 2681 ignoravit
1400 2618 1505 2666 vitia
1526 2635 1604 2666 sua
1624 2654 1636 2675 ‚

173 2738 178 2741 ,
219 2717 243 2737 >>
269 2695 346 2743 sed
372 2695 542 2744 amavit.
578 2696 863 2745 Manifestum
887 2707 1036 2763 potest
1059 2715 1150 2744 esse
1166 2733 1178 2753 ‚
1204 2696 1327 2761 quod
1346 2707 1530 2758 rogatus
1551 2693 1638 2742 ali—
