<?xml version="1.0" encoding="UTF-8"?>
<!DOCTYPE html PUBLIC "-//W3C//DTD XHTML 1.0 Transitional//EN"
    "http://www.w3.org/TR/xhtml1/DTD/xhtml1-transitional.dtd">
<html xmlns="http://www.w3.org/1999/xhtml" xml:lang="en" lang="en">
 <head>
  <title>
</title>
<meta http-equiv="Content-Type" content="text/html;charset=utf-8" />
  <meta name='ocr-system' content='tesseract 3.04.00' />
  <meta name='ocr-capabilities' content='ocr_page ocr_carea ocr_par ocr_line ocrx_word'/>
</head>
<body>
  <div class='ocr_page' id='page_1' title='image "./quaeextantomniao08oviduoft_0391.png"; bbox 0 0 1794 3100; ppageno 0'>
   <div class='ocr_carea' id='block_1_1' title="bbox 463 196 1568 244">
    <p class='ocr_par' dir='ltr' id='par_1_1' title="bbox 463 196 1568 244">
     <span class='ocr_line' id='line_1_1' title="bbox 463 196 1568 244; baseline -0.001 0"><span class='ocrx_word' id='word_1_1' title='bbox 463 198 553 244; x_wconf 89' lang='lat' dir='ltr'>DE</span> <span class='ocrx_word' id='word_1_2' title='bbox 583 199 636 241; x_wconf 91' lang='lat' dir='ltr'>P.</span> <span class='ocrx_word' id='word_1_3' title='bbox 673 197 929 243; x_wconf 87' lang='lat' dir='ltr'><strong>OVIDIO</strong></span> <span class='ocrx_word' id='word_1_4' title='bbox 962 196 1255 241; x_wconf 89' lang='lat' dir='ltr'>NASONE.</span> <span class='ocrx_word' id='word_1_5' title='bbox 1487 199 1568 243; x_wconf 81' lang='lat'>381</span> 
     </span>
    </p>
   </div>
   <div class='ocr_carea' id='block_1_2' title="bbox 149 289 1583 1148">
    <p class='ocr_par' dir='ltr' id='par_1_2' title="bbox 149 289 1583 1148">
     <span class='ocr_line' id='line_1_2' title="bbox 149 289 1573 350; baseline -0.002 -11"><span class='ocrx_word' id='word_1_6' title='bbox 149 310 247 340; x_wconf 81' lang='lat' dir='ltr'>rem</span> <span class='ocrx_word' id='word_1_7' title='bbox 258 308 382 338; x_wconf 75' lang='lat' dir='ltr'>auam</span> <span class='ocrx_word' id='word_1_8' title='bbox 396 308 486 336; x_wconf 85' lang='lat' dir='ltr'>esse</span> <span class='ocrx_word' id='word_1_9' title='bbox 503 290 656 336; x_wconf 81' lang='lat' dir='ltr'>vident</span> <span class='ocrx_word' id='word_1_10' title='bbox 667 323 680 344; x_wconf 92' lang='lat'><strong><em>,</em></strong></span> <span class='ocrx_word' id='word_1_11' title='bbox 697 289 906 350; x_wconf 85' lang='lat' dir='ltr'>allegent,</span> <span class='ocrx_word' id='word_1_12' title='bbox 929 307 1006 333; x_wconf 82' lang='lat' dir='ltr'>cur</span> <span class='ocrx_word' id='word_1_13' title='bbox 1021 305 1111 334; x_wconf 88' lang='lat' dir='ltr'>non</span> <span class='ocrx_word' id='word_1_14' title='bbox 1125 299 1169 334; x_wconf 86' lang='lat' dir='ltr'>et</span> <span class='ocrx_word' id='word_1_15' title='bbox 1184 291 1344 334; x_wconf 83' lang='lat' dir='ltr'>horum</span> <span class='ocrx_word' id='word_1_16' title='bbox 1355 293 1573 336; x_wconf 79' lang='lat' dir='ltr'>rationem</span> 
     </span>
     <span class='ocr_line' id='line_1_3' title="bbox 150 361 1578 424; baseline -0.003 -13"><span class='ocrx_word' id='word_1_17' title='bbox 150 363 415 411; x_wconf 72' lang='lat' dir='ltr'>habemus?</span> <span class='ocrx_word' id='word_1_18' title='bbox 436 364 498 407; x_wconf 89' lang='lat' dir='ltr'>Iis</span> <span class='ocrx_word' id='word_1_19' title='bbox 519 378 616 424; x_wconf 84' lang='lat' dir='ltr'>quae</span> <span class='ocrx_word' id='word_1_20' title='bbox 635 361 870 406; x_wconf 81' lang='lat' dir='ltr'>Goldastus</span> <span class='ocrx_word' id='word_1_21' title='bbox 887 363 1055 412; x_wconf 89' lang='lat' dir='ltr'>omisit,</span> <span class='ocrx_word' id='word_1_22' title='bbox 1079 361 1383 406; x_wconf 84' lang='lat' dir='ltr'>Aldus·autem</span> <span class='ocrx_word' id='word_1_23' title='bbox 1402 364 1448 405; x_wconf 92' lang='lat' dir='ltr'>in</span> <span class='ocrx_word' id='word_1_24' title='bbox 1469 364 1578 407; x_wconf 90' lang='lat' dir='ltr'>Ovi-</span> 
     </span>
     <span class='ocr_line' id='line_1_4' title="bbox 151 431 1576 493; baseline -0.002 -13"><span class='ocrx_word' id='word_1_25' title='bbox 151 434 216 481; x_wconf 79' lang='lat' dir='ltr'>dii</span> <span class='ocrx_word' id='word_1_26' title='bbox 243 436 332 479; x_wconf 75' lang='lat' dir='ltr'>vita</span> <span class='ocrx_word' id='word_1_27' title='bbox 363 435 591 483; x_wconf 83' lang='lat' dir='ltr'>meminit,</span> <span class='ocrx_word' id='word_1_28' title='bbox 611 450 655 476; x_wconf 72' lang='grc' dir='ltr'>ἐι</span> <span class='ocrx_word' id='word_1_29' title='bbox 683 431 986 476; x_wconf 85' lang='lat' dir='ltr'><strong>claustralibus</strong></span> <span class='ocrx_word' id='word_1_30' title='bbox 1019 434 1181 493; x_wconf 88' lang='lat' dir='ltr'>mopsis</span> <span class='ocrx_word' id='word_1_31' title='bbox 1211 432 1373 476; x_wconf 85' lang='lat' dir='ltr'>ovidio</span> <span class='ocrx_word' id='word_1_32' title='bbox 1399 434 1576 493; x_wconf 87' lang='lat' dir='ltr'>stupide</span> 
     </span>
     <span class='ocr_line' id='line_1_5' title="bbox 153 503 1573 566; baseline -0.001 -15"><span class='ocrx_word' id='word_1_33' title='bbox 153 506 388 561; x_wconf 79' lang='lat' dir='ltr'>attributa,</span> <span class='ocrx_word' id='word_1_34' title='bbox 415 505 604 566; x_wconf 81' lang='lat' dir='ltr'>adjungo</span> <span class='ocrx_word' id='word_1_35' title='bbox 623 505 731 549; x_wconf 91' lang='lat' dir='ltr'>olim</span> <span class='ocrx_word' id='word_1_36' title='bbox 754 523 777 548; x_wconf 90' lang='lat' dir='ltr'>a</span> <span class='ocrx_word' id='word_1_37' title='bbox 795 522 866 549; x_wconf 90' lang='lat' dir='ltr'>me</span> <span class='ocrx_word' id='word_1_38' title='bbox 889 503 1072 555; x_wconf 75' lang='lat' dir='ltr'>collecta</span> <span class='ocrx_word' id='word_1_39' title='bbox 1097 508 1288 548; x_wconf 82' lang='lat' dir='ltr'>carmina</span> <span class='ocrx_word' id='word_1_40' title='bbox 1316 505 1372 550; x_wconf 85' lang='lat' dir='ltr'>de</span> <span class='ocrx_word' id='word_1_41' title='bbox 1393 515 1573 561; x_wconf 89' lang='lat' dir='ltr'>ventre,</span> 
     </span>
     <span class='ocr_line' id='line_1_6' title="bbox 153 577 1576 640; baseline -0.001 -18"><span class='ocrx_word' id='word_1_42' title='bbox 153 577 209 624; x_wconf 82' lang='lat' dir='ltr'>de</span> <span class='ocrx_word' id='word_1_43' title='bbox 226 579 371 623; x_wconf 80' lang='lat' dir='ltr'>trihus</span> <span class='ocrx_word' id='word_1_44' title='bbox 389 578 550 640; x_wconf 82' lang='lat' dir='ltr'><strong>puellis</strong></span> <span class='ocrx_word' id='word_1_45' title='bbox 568 586 653 622; x_wconf 88' lang='lat' dir='ltr'>etc.</span> <span class='ocrx_word' id='word_1_46' title='bbox 672 595 693 620; x_wconf 88' lang='lat'>»</span> <span class='ocrx_word' id='word_1_47' title='bbox 720 579 798 622; x_wconf 86' lang='lat' dir='ltr'>Est</span> <span class='ocrx_word' id='word_1_48' title='bbox 817 578 930 620; x_wconf 91' lang='lat' dir='ltr'>mihi</span> <span class='ocrx_word' id='word_1_49' title='bbox 957 578 1049 621; x_wconf 89' lang='lat' dir='ltr'>haec</span> <span class='ocrx_word' id='word_1_50' title='bbox 1067 578 1277 622; x_wconf 85' lang='lat' dir='ltr'>scribenti</span> <span class='ocrx_word' id='word_1_51' title='bbox 1306 581 1353 622; x_wconf 91' lang='lat' dir='ltr'>in</span> <span class='ocrx_word' id='word_1_52' title='bbox 1376 579 1576 623; x_wconf 91' lang='lat' dir='ltr'>manibus</span> 
     </span>
     <span class='ocr_line' id='line_1_7' title="bbox 153 649 1576 712; baseline -0.001 -16"><span class='ocrx_word' id='word_1_53' title='bbox 153 650 289 696; x_wconf 85' lang='lat' dir='ltr'>editio</span> <span class='ocrx_word' id='word_1_54' title='bbox 325 654 449 697; x_wconf 78' lang='lat' dir='ltr'>vetus</span> <span class='ocrx_word' id='word_1_55' title='bbox 478 653 572 712; x_wconf 76' lang='lat' dir='ltr'>sine</span> <span class='ocrx_word' id='word_1_56' title='bbox 601 650 686 695; x_wconf 89' lang='lat' dir='ltr'>loci</span> <span class='ocrx_word' id='word_1_57' title='bbox 718 659 762 694; x_wconf 91' lang='lat' dir='ltr'>et</span> <span class='ocrx_word' id='word_1_58' title='bbox 793 651 897 694; x_wconf 84' lang='lat' dir='ltr'>anni</span> <span class='ocrx_word' id='word_1_59' title='bbox 931 658 1034 694; x_wconf 83' lang='lat' dir='ltr'>nota</span> <span class='ocrx_word' id='word_1_60' title='bbox 1067 649 1200 705; x_wconf 72' lang='lat' dir='ltr'>in-40.</span> <span class='ocrx_word' id='word_1_61' title='bbox 1234 651 1312 694; x_wconf 87' lang='lat' dir='ltr'>ubi</span> <span class='ocrx_word' id='word_1_62' title='bbox 1345 651 1576 712; x_wconf 87' lang='lat' dir='ltr'>Pamphilo</span> 
     </span>
     <span class='ocr_line' id='line_1_8' title="bbox 151 713 1575 785; baseline -0.001 -17"><span class='ocrx_word' id='word_1_63' title='bbox 151 713 442 785; x_wconf 71' lang='lat' dir='ltr'>praemittitui·</span> <span class='ocrx_word' id='word_1_64' title='bbox 460 723 803 769; x_wconf 87' lang='lat' dir='ltr'>Pseudo-Ovidii</span> <span class='ocrx_word' id='word_1_65' title='bbox 821 722 930 768; x_wconf 83' lang='lat' dir='ltr'>liber</span> <span class='ocrx_word' id='word_1_66' title='bbox 949 726 1076 767; x_wconf 81' lang='lat' dir='ltr'>trium</span> <span class='ocrx_word' id='word_1_67' title='bbox 1088 722 1350 783; x_wconf 84' lang='lat' dir='ltr'><em>puellarum,</em></span> <span class='ocrx_word' id='word_1_68' title='bbox 1370 726 1461 768; x_wconf 88' lang='lat' dir='ltr'>sive</span> <span class='ocrx_word' id='word_1_69' title='bbox 1481 724 1575 767; x_wconf 84' lang='lat' dir='ltr'>ele-</span> 
     </span>
     <span class='ocr_line' id='line_1_9' title="bbox 151 795 1570 859; baseline -0.001 -18"><span class='ocrx_word' id='word_1_70' title='bbox 151 798 221 858; x_wconf 81' lang='lat' dir='ltr'>gia</span> <span class='ocrx_word' id='word_1_71' title='bbox 234 796 290 841; x_wconf 88' lang='lat' dir='ltr'>de</span> <span class='ocrx_word' id='word_1_72' title='bbox 306 796 449 841; x_wconf 86' lang='lat' dir='ltr'>tribus</span> <span class='ocrx_word' id='word_1_73' title='bbox 464 797 626 859; x_wconf 86' lang='lat' dir='ltr'>puellis</span> <span class='ocrx_word' id='word_1_74' title='bbox 641 805 770 842; x_wconf 86' lang='lat' dir='ltr'>cantu</span> <span class='ocrx_word' id='word_1_75' title='bbox 784 798 902 841; x_wconf 90' lang='lat' dir='ltr'>inter</span> <span class='ocrx_word' id='word_1_76' title='bbox 916 813 961 840; x_wconf 91' lang='lat' dir='ltr'>se</span> <span class='ocrx_word' id='word_1_77' title='bbox 979 796 1250 840; x_wconf 82' lang='lat' dir='ltr'>certantibus</span> <span class='ocrx_word' id='word_1_78' title='bbox 1266 795 1411 850; x_wconf 86' lang='lat' dir='ltr'>judice</span> <span class='ocrx_word' id='word_1_79' title='bbox 1426 805 1570 856; x_wconf 85' lang='lat' dir='ltr'>poeta,</span> 
     </span>
     <span class='ocr_line' id='line_1_10' title="bbox 155 867 1573 930; baseline -0.001 -17"><span class='ocrx_word' id='word_1_80' title='bbox 155 871 234 930; x_wconf 87' lang='lat' dir='ltr'>qui</span> <span class='ocrx_word' id='word_1_81' title='bbox 259 871 456 924; x_wconf 73' lang='lat' dir='ltr'>tertiam,</span> <span class='ocrx_word' id='word_1_82' title='bbox 488 870 515 913; x_wconf 85' lang='lat' dir='ltr'><strong>J</strong></span> <span class='ocrx_word' id='word_1_83' title='bbox 518 871 608 913; x_wconf 85' lang='lat' dir='ltr'>ovis</span> <span class='ocrx_word' id='word_1_84' title='bbox 626 885 792 916; x_wconf 78' lang='lat' dir='ltr'>amores</span> <span class='ocrx_word' id='word_1_85' title='bbox 814 877 1062 923; x_wconf 87' lang='lat' dir='ltr'>canentem,</span> <span class='ocrx_word' id='word_1_86' title='bbox 1089 870 1256 913; x_wconf 86' lang='lat' dir='ltr'>caeteris</span> <span class='ocrx_word' id='word_1_87' title='bbox 1277 867 1444 911; x_wconf 85' lang='lat' dir='ltr'>duabus</span> <span class='ocrx_word' id='word_1_88' title='bbox 1462 885 1573 928; x_wconf 79' lang='lat' dir='ltr'>prae-</span> 
     </span>
     <span class='ocr_line' id='line_1_11' title="bbox 155 940 1575 1004; baseline -0.001 -19"><span class='ocrx_word' id='word_1_89' title='bbox 155 942 265 998; x_wconf 80' lang='lat' dir='ltr'>fert,</span> <span class='ocrx_word' id='word_1_90' title='bbox 290 942 466 1004; x_wconf 82' lang='lat' dir='ltr'>sibique</span> <span class='ocrx_word' id='word_1_91' title='bbox 488 942 689 1002; x_wconf 86' lang='lat' dir='ltr'>adjungit</span> <span class='ocrx_word' id='word_1_92' title='bbox 709 961 720 986; x_wconf 74' lang='grc' dir='ltr'>ε</span> <span class='ocrx_word' id='word_1_93' title='bbox 744 951 788 986; x_wconf 86' lang='lat' dir='ltr'>et</span> <span class='ocrx_word' id='word_1_94' title='bbox 807 942 916 986; x_wconf 80' lang='lat' dir='ltr'>liber</span> <span class='ocrx_word' id='word_1_95' title='bbox 937 942 993 987; x_wconf 81' lang='lat' dir='ltr'>de&#39;</span> <span class='ocrx_word' id='word_1_96' title='bbox 1011 946 1163 986; x_wconf 82' lang='lat' dir='ltr'>nuntio</span> <span class='ocrx_word' id='word_1_97' title='bbox 1186 946 1358 1002; x_wconf 82' lang='lat' dir='ltr'>sagaci,</span> <span class='ocrx_word' id='word_1_98' title='bbox 1384 940 1575 984; x_wconf 81' lang='lat' dir='ltr'>versibus</span> 
     </span>
     <span class='ocr_line' id='line_1_12' title="bbox 154 1012 1583 1073; baseline -0.003 -15"><span class='ocrx_word' id='word_1_99' title='bbox 154 1014 415 1058; x_wconf 82' lang='lat' dir='ltr'>hexametris</span> <span class='ocrx_word' id='word_1_100' title='bbox 435 1014 786 1064; x_wconf 75' lang='lat' dir='ltr'>homoeoteleutis</span> <span class='ocrx_word' id='word_1_101' title='bbox 809 1016 899 1057; x_wconf 85' lang='lat' dir='ltr'>sive</span> <span class='ocrx_word' id='word_1_102' title='bbox 921 1013 1130 1068; x_wconf 90' lang='lat' dir='ltr'>leoninis,</span> <span class='ocrx_word' id='word_1_103' title='bbox 1156 1022 1200 1057; x_wconf 90' lang='lat' dir='ltr'>et</span> <span class='ocrx_word' id='word_1_104' title='bbox 1223 1014 1279 1057; x_wconf 87' lang='lat' dir='ltr'>de</span> <span class='ocrx_word' id='word_1_105' title='bbox 1297 1014 1451 1073; x_wconf 85' lang='lat' dir='ltr'>pulice.</span> <span class='ocrx_word' id='word_1_106' title='bbox 1475 1012 1583 1056; x_wconf 83' lang='lat' dir='ltr'>Ele-</span> 
     </span>
     <span class='ocr_line' id='line_1_13' title="bbox 156 1085 1065 1148; baseline 0 -18"><span class='ocrx_word' id='word_1_107' title='bbox 156 1087 237 1145; x_wconf 83' lang='lat' dir='ltr'>giae</span> <span class='ocrx_word' id='word_1_108' title='bbox 254 1085 311 1130; x_wconf 83' lang='lat' dir='ltr'>de</span> <span class='ocrx_word' id='word_1_109' title='bbox 329 1086 473 1130; x_wconf 84' lang='lat' dir='ltr'>trihus</span> <span class='ocrx_word' id='word_1_110' title='bbox 488 1086 649 1148; x_wconf 89' lang='lat' dir='ltr'>puellis</span> <span class='ocrx_word' id='word_1_111' title='bbox 669 1087 753 1130; x_wconf 90' lang='lat' dir='ltr'>hoc</span> <span class='ocrx_word' id='word_1_112' title='bbox 771 1094 836 1130; x_wconf 91' lang='lat' dir='ltr'>est</span> <span class='ocrx_word' id='word_1_113' title='bbox 854 1087 1034 1129; x_wconf 87' lang='lat' dir='ltr'>initium</span> <span class='ocrx_word' id='word_1_114' title='bbox 1055 1104 1065 1130; x_wconf 90' lang='grc'>;</span> 
     </span>
    </p>
   </div>
   <div class='ocr_carea' id='block_1_3' title="bbox 373 1213 1355 2054">
    <p class='ocr_par' dir='ltr' id='par_1_3' title="bbox 376 1213 1231 1260">
     <span class='ocr_line' id='line_1_14' title="bbox 376 1213 1231 1260; baseline -0.004 -10"><span class='ocrx_word' id='word_1_115' title='bbox 376 1214 475 1250; x_wconf 76' lang='lat' dir='ltr'>Ibam</span> <span class='ocrx_word' id='word_1_116' title='bbox 493 1214 584 1250; x_wconf 77' lang='lat' dir='ltr'>forte</span> <span class='ocrx_word' id='word_1_117' title='bbox 602 1214 694 1249; x_wconf 86' lang='lat' dir='ltr'>viam</span> <span class='ocrx_word' id='word_1_118' title='bbox 711 1213 887 1260; x_wconf 86' lang='lat' dir='ltr'>quandam</span> <span class='ocrx_word' id='word_1_119' title='bbox 903 1213 1001 1248; x_wconf 89' lang='lat' dir='ltr'>nullo</span> <span class='ocrx_word' id='word_1_120' title='bbox 1017 1213 1206 1248; x_wconf 80' lang='lat' dir='ltr'>comitante</span> <span class='ocrx_word' id='word_1_121' title='bbox 1223 1240 1231 1256; x_wconf 93' lang='lat'>,</span> 
     </span>
    </p>

    <p class='ocr_par' dir='ltr' id='par_1_4' title="bbox 373 1273 1205 1321">
     <span class='ocr_line' id='line_1_15' title="bbox 373 1273 1205 1321; baseline -0.004 -11"><span class='ocrx_word' id='word_1_122' title='bbox 373 1274 379 1280; x_wconf 84' lang='grc'><strong>’</strong></span> <span class='ocrx_word' id='word_1_123' title='bbox 423 1275 526 1310; x_wconf 86' lang='lat' dir='ltr'>Solus</span> <span class='ocrx_word' id='word_1_124' title='bbox 541 1288 642 1310; x_wconf 86' lang='lat' dir='ltr'>amor</span> <span class='ocrx_word' id='word_1_125' title='bbox 658 1287 798 1311; x_wconf 87' lang='lat' dir='ltr'>mecum</span> <span class='ocrx_word' id='word_1_126' title='bbox 809 1302 818 1319; x_wconf 92' lang='lat'><em>,</em></span> <span class='ocrx_word' id='word_1_127' title='bbox 837 1274 896 1321; x_wconf 89' lang='lat' dir='ltr'>qui</span> <span class='ocrx_word' id='word_1_128' title='bbox 912 1275 1000 1309; x_wconf 84' lang='lat' dir='ltr'>solet</span> <span class='ocrx_word' id='word_1_129' title='bbox 1016 1287 1089 1309; x_wconf 88' lang='lat' dir='ltr'>esse</span> <span class='ocrx_word' id='word_1_130' title='bbox 1103 1300 1113 1318; x_wconf 91' lang='lat'>‚</span> <span class='ocrx_word' id='word_1_131' title='bbox 1129 1273 1205 1308; x_wconf 83' lang='lat' dir='ltr'>suit.</span> 
     </span>
    </p>

    <p class='ocr_par' dir='ltr' id='par_1_5' title="bbox 377 1334 1355 1443">
     <span class='ocr_line' id='line_1_16' title="bbox 377 1334 1355 1382; baseline -0.001 -12"><span class='ocrx_word' id='word_1_132' title='bbox 377 1335 545 1382; x_wconf 88' lang='lat' dir='ltr'>Dumque</span> <span class='ocrx_word' id='word_1_133' title='bbox 569 1348 667 1371; x_wconf 87' lang='lat' dir='ltr'>meos</span> <span class='ocrx_word' id='word_1_134' title='bbox 683 1349 803 1371; x_wconf 77' lang='lat' dir='ltr'>versus</span> <span class='ocrx_word' id='word_1_135' title='bbox 817 1335 926 1381; x_wconf 81' lang='lat' dir='ltr'>facio,</span> <span class='ocrx_word' id='word_1_136' title='bbox 944 1335 1166 1380; x_wconf 86' lang='lat' dir='ltr'>meditorque</span> <span class='ocrx_word' id='word_1_137' title='bbox 1185 1334 1355 1380; x_wconf 81' lang='lat' dir='ltr'>puellam,</span> 
     </span>
     <span class='ocr_line' id='line_1_17' title="bbox 423 1396 1166 1443; baseline -0.003 -11"><span class='ocrx_word' id='word_1_138' title='bbox 423 1396 492 1432; x_wconf 85' lang='lat' dir='ltr'>Cui</span> <span class='ocrx_word' id='word_1_139' title='bbox 510 1398 638 1443; x_wconf 80' lang='lat' dir='ltr'>possim</span> <span class='ocrx_word' id='word_1_140' title='bbox 654 1410 773 1433; x_wconf 83' lang='lat' dir='ltr'>versus</span> <span class='ocrx_word' id='word_1_141' title='bbox 791 1397 931 1432; x_wconf 80' lang='lat' dir='ltr'>mittere</span> <span class='ocrx_word' id='word_1_142' title='bbox 952 1409 1038 1442; x_wconf 86' lang='lat' dir='ltr'>quos</span> <span class='ocrx_word' id='word_1_143' title='bbox 1056 1396 1166 1431; x_wconf 86' lang='lat' dir='ltr'>facio:</span> 
     </span>
    </p>

    <p class='ocr_par' dir='ltr' id='par_1_6' title="bbox 375 1458 1331 1565">
     <span class='ocr_line' id='line_1_18' title="bbox 375 1458 1331 1506; baseline -0.002 -12"><span class='ocrx_word' id='word_1_144' title='bbox 375 1458 463 1495; x_wconf 82' lang='lat' dir='ltr'>Ecce</span> <span class='ocrx_word' id='word_1_145' title='bbox 481 1460 603 1506; x_wconf 80' lang='lat' dir='ltr'>procul</span> <span class='ocrx_word' id='word_1_146' title='bbox 617 1459 718 1495; x_wconf 79' lang='lat' dir='ltr'>video</span> <span class='ocrx_word' id='word_1_147' title='bbox 737 1460 834 1506; x_wconf 84' lang='lat' dir='ltr'>quasi</span> <span class='ocrx_word' id='word_1_148' title='bbox 852 1466 922 1495; x_wconf 79' lang='lat' dir='ltr'>tres</span> <span class='ocrx_word' id='word_1_149' title='bbox 940 1458 1114 1506; x_wconf 76' lang='lat' dir='ltr'>nymphas</span> <span class='ocrx_word' id='word_1_150' title='bbox 1129 1458 1331 1493; x_wconf 80' lang='lat' dir='ltr'>venientes:</span> 
     </span>
     <span class='ocr_line' id='line_1_19' title="bbox 422 1519 1147 1565; baseline -0.004 -10"><span class='ocrx_word' id='word_1_151' title='bbox 422 1519 454 1555; x_wconf 88' lang='lat' dir='ltr'><strong>E</strong></span> <span class='ocrx_word' id='word_1_152' title='bbox 469 1520 593 1565; x_wconf 81' lang='lat' dir='ltr'>quibus</span> <span class='ocrx_word' id='word_1_153' title='bbox 610 1527 650 1555; x_wconf 82' lang='lat' dir='ltr'>ut</span> <span class='ocrx_word' id='word_1_154' title='bbox 668 1520 817 1555; x_wconf 81' lang='lat' dir='ltr'>memini</span> <span class='ocrx_word' id='word_1_155' title='bbox 833 1520 971 1565; x_wconf 84' lang='lat' dir='ltr'>longior</span> <span class='ocrx_word' id='word_1_156' title='bbox 986 1532 1056 1554; x_wconf 90' lang='lat' dir='ltr'>una</span> <span class='ocrx_word' id='word_1_157' title='bbox 1071 1519 1147 1554; x_wconf 75' lang='lat' dir='ltr'>fuit.</span> 
     </span>
    </p>

    <p class='ocr_par' dir='ltr' id='par_1_7' title="bbox 380 1579 1339 1687">
     <span class='ocr_line' id='line_1_20' title="bbox 380 1579 1339 1624; baseline 0.001 -10"><span class='ocrx_word' id='word_1_158' title='bbox 380 1579 467 1615; x_wconf 77' lang='lat' dir='ltr'>Haec</span> <span class='ocrx_word' id='word_1_159' title='bbox 482 1581 642 1616; x_wconf 84' lang='lat' dir='ltr'>medium</span> <span class='ocrx_word' id='word_1_160' title='bbox 661 1582 782 1616; x_wconf 80' lang='lat' dir='ltr'>sortita</span> <span class='ocrx_word' id='word_1_161' title='bbox 799 1580 915 1616; x_wconf 88' lang='lat' dir='ltr'>locum</span> <span class='ocrx_word' id='word_1_162' title='bbox 927 1607 937 1624; x_wconf 87' lang='lat'>,</span> <span class='ocrx_word' id='word_1_163' title='bbox 955 1580 1138 1622; x_wconf 80' lang='lat' dir='ltr'>currebat3</span> <span class='ocrx_word' id='word_1_164' title='bbox 1165 1587 1201 1615; x_wconf 79' lang='lat' dir='ltr'>et</span> <span class='ocrx_word' id='word_1_165' title='bbox 1217 1592 1339 1615; x_wconf 86' lang='lat' dir='ltr'>omnes</span> 
     </span>
     <span class='ocr_line' id='line_1_21' title="bbox 421 1639 1215 1687; baseline 0.003 -12"><span class='ocrx_word' id='word_1_166' title='bbox 421 1639 623 1677; x_wconf 78' lang='lat' dir='ltr'>currebant</span> <span class='ocrx_word' id='word_1_167' title='bbox 644 1643 774 1687; x_wconf 70' lang='lat' dir='ltr'>pariter</span> <span class='ocrx_word' id='word_1_168' title='bbox 785 1669 793 1685; x_wconf 92' lang='lat'>,</span> <span class='ocrx_word' id='word_1_169' title='bbox 811 1641 872 1676; x_wconf 85' lang='lat' dir='ltr'>sed</span> <span class='ocrx_word' id='word_1_170' title='bbox 890 1650 1007 1677; x_wconf 85' lang='lat' dir='ltr'>tamen</span> <span class='ocrx_word' id='word_1_171' title='bbox 1025 1640 1081 1676; x_wconf 86' lang='lat' dir='ltr'>illa</span> <span class='ocrx_word' id='word_1_172' title='bbox 1097 1641 1215 1687; x_wconf 84' lang='lat' dir='ltr'>magis.</span> 
     </span>
    </p>

    <p class='ocr_par' dir='ltr' id='par_1_8' title="bbox 379 1700 1315 1799">
     <span class='ocr_line' id='line_1_22' title="bbox 379 1700 1315 1747; baseline 0.001 -12"><span class='ocrx_word' id='word_1_173' title='bbox 379 1700 451 1735; x_wconf 87' lang='lat' dir='ltr'>Sed</span> <span class='ocrx_word' id='word_1_174' title='bbox 467 1701 496 1736; x_wconf 92' lang='lat' dir='ltr'>si</span> <span class='ocrx_word' id='word_1_175' title='bbox 512 1701 604 1736; x_wconf 78' lang='lat' dir='ltr'>sorte</span> <span class='ocrx_word' id='word_1_176' title='bbox 624 1715 732 1737; x_wconf 85' lang='lat' dir='ltr'>manu</span> <span class='ocrx_word' id='word_1_177' title='bbox 749 1703 902 1747; x_wconf 78' lang='lat' dir='ltr'>jaculum</span> <span class='ocrx_word' id='word_1_178' title='bbox 920 1702 1098 1737; x_wconf 80' lang='lat' dir='ltr'>sumsisset</span> <span class='ocrx_word' id='word_1_179' title='bbox 1114 1708 1150 1736; x_wconf 80' lang='lat' dir='ltr'>et</span> <span class='ocrx_word' id='word_1_180' title='bbox 1167 1714 1287 1737; x_wconf 80' lang='lat' dir='ltr'>arcum</span> <span class='ocrx_word' id='word_1_181' title='bbox 1306 1730 1315 1744; x_wconf 88' lang='lat'>‚</span> 
     </span>
     <span class='ocr_line' id='line_1_23' title="bbox 423 1762 1016 1799; baseline 0.002 -2"><span class='ocrx_word' id='word_1_182' title='bbox 423 1762 487 1797; x_wconf 86' lang='lat' dir='ltr'>Illa</span> <span class='ocrx_word' id='word_1_183' title='bbox 503 1763 591 1798; x_wconf 88' lang='lat' dir='ltr'>mihi</span> <span class='ocrx_word' id='word_1_184' title='bbox 609 1771 702 1799; x_wconf 80' lang='lat' dir='ltr'>certe</span> <span class='ocrx_word' id='word_1_185' title='bbox 721 1765 790 1798; x_wconf 80' lang='lat' dir='ltr'>visa</span> <span class='ocrx_word' id='word_1_186' title='bbox 808 1764 923 1798; x_wconf 85' lang='lat' dir='ltr'>Diana</span> <span class='ocrx_word' id='word_1_187' title='bbox 941 1764 1016 1799; x_wconf 74' lang='lat' dir='ltr'>suit.</span> 
     </span>
    </p>

    <p class='ocr_par' dir='ltr' id='par_1_9' title="bbox 379 1823 1194 1932">
     <span class='ocr_line' id='line_1_24' title="bbox 379 1823 1189 1871; baseline 0.001 -12"><span class='ocrx_word' id='word_1_188' title='bbox 379 1823 438 1860; x_wconf 89' lang='lat' dir='ltr'>Sic</span> <span class='ocrx_word' id='word_1_189' title='bbox 452 1825 584 1860; x_wconf 83' lang='lat' dir='ltr'>etenim</span> <span class='ocrx_word' id='word_1_190' title='bbox 599 1827 689 1861; x_wconf 80' lang='lat' dir='ltr'>solet</span> <span class='ocrx_word' id='word_1_191' title='bbox 705 1825 759 1860; x_wconf 82' lang='lat' dir='ltr'>illa</span> <span class='ocrx_word' id='word_1_192' title='bbox 778 1825 867 1860; x_wconf 85' lang='lat' dir='ltr'>feras</span> <span class='ocrx_word' id='word_1_193' title='bbox 883 1825 1010 1871; x_wconf 80' lang='lat' dir='ltr'>agitare</span> <span class='ocrx_word' id='word_1_194' title='bbox 1026 1838 1090 1871; x_wconf 82' lang='lat' dir='ltr'>per</span> <span class='ocrx_word' id='word_1_195' title='bbox 1106 1825 1189 1860; x_wconf 81' lang='lat' dir='ltr'>altas</span> 
     </span>
     <span class='ocr_line' id='line_1_25' title="bbox 422 1885 1194 1932; baseline -0.001 -11"><span class='ocrx_word' id='word_1_196' title='bbox 422 1885 552 1930; x_wconf 76' lang='lat' dir='ltr'>Silvas,</span> <span class='ocrx_word' id='word_1_197' title='bbox 574 1899 726 1932; x_wconf 90' lang='lat' dir='ltr'>cumque</span> <span class='ocrx_word' id='word_1_198' title='bbox 749 1886 819 1922; x_wconf 85' lang='lat' dir='ltr'>suis</span> <span class='ocrx_word' id='word_1_199' title='bbox 835 1899 976 1922; x_wconf 79' lang='lat' dir='ltr'>currere</span> <span class='ocrx_word' id='word_1_200' title='bbox 994 1887 1194 1932; x_wconf 84' lang='lat' dir='ltr'>virginibus.</span> 
     </span>
    </p>

    <p class='ocr_par' dir='ltr' id='par_1_10' title="bbox 380 1946 1307 2054">
     <span class='ocr_line' id='line_1_26' title="bbox 380 1946 1307 1993; baseline 0.001 -12"><span class='ocrx_word' id='word_1_201' title='bbox 380 1946 485 1982; x_wconf 89' lang='lat' dir='ltr'>Tunc</span> <span class='ocrx_word' id='word_1_202' title='bbox 503 1960 568 1993; x_wconf 85' lang='lat' dir='ltr'>ego</span> <span class='ocrx_word' id='word_1_203' title='bbox 584 1960 684 1983; x_wconf 85' lang='lat' dir='ltr'>nosse</span> <span class='ocrx_word' id='word_1_204' title='bbox 699 1948 819 1982; x_wconf 84' lang='lat' dir='ltr'>volens</span> <span class='ocrx_word' id='word_1_205' title='bbox 835 1948 966 1982; x_wconf 77' lang='lat' dir='ltr'>formas</span> <span class='ocrx_word' id='word_1_206' title='bbox 982 1955 1018 1982; x_wconf 82' lang='lat' dir='ltr'>et</span> <span class='ocrx_word' id='word_1_207' title='bbox 1034 1959 1166 1982; x_wconf 89' lang='lat' dir='ltr'>nomen</span> <span class='ocrx_word' id='word_1_208' title='bbox 1184 1960 1307 1982; x_wconf 80' lang='lat' dir='ltr'>earum</span> 
     </span>
     <span class='ocr_line' id='line_1_27' title="bbox 425 2006 1137 2054; baseline 0.001 -12"><span class='ocrx_word' id='word_1_209' title='bbox 425 2006 544 2053; x_wconf 87' lang='lat' dir='ltr'>Incepi</span> <span class='ocrx_word' id='word_1_210' title='bbox 560 2008 675 2043; x_wconf 79' lang='lat' dir='ltr'>subito</span> <span class='ocrx_word' id='word_1_211' title='bbox 693 2021 834 2044; x_wconf 79' lang='lat' dir='ltr'>currere</span> <span class='ocrx_word' id='word_1_212' title='bbox 853 2016 932 2054; x_wconf 84' lang='lat' dir='ltr'>post</span> <span class='ocrx_word' id='word_1_213' title='bbox 949 2007 1034 2043; x_wconf 86' lang='lat' dir='ltr'>solio</span> <span class='ocrx_word' id='word_1_214' title='bbox 1045 2035 1054 2052; x_wconf 88' lang='lat'>,</span> <span class='ocrx_word' id='word_1_215' title='bbox 1071 2015 1137 2043; x_wconf 86' lang='lat' dir='ltr'>etc.</span> 
     </span>
    </p>
   </div>
   <div class='ocr_carea' id='block_1_4' title="bbox 163 2118 1591 2254">
    <p class='ocr_par' dir='ltr' id='par_1_11' title="bbox 163 2118 1591 2254">
     <span class='ocr_line' id='line_1_28' title="bbox 163 2118 1591 2182; baseline -0.001 -18"><span class='ocrx_word' id='word_1_216' title='bbox 163 2119 301 2164; x_wconf 85' lang='lat' dir='ltr'>Liber</span> <span class='ocrx_word' id='word_1_217' title='bbox 318 2118 374 2163; x_wconf 89' lang='lat' dir='ltr'>de</span> <span class='ocrx_word' id='word_1_218' title='bbox 397 2123 554 2164; x_wconf 89' lang='lat' dir='ltr'>nuntio</span> <span class='ocrx_word' id='word_1_219' title='bbox 574 2123 738 2181; x_wconf 84' lang='lat' dir='ltr'>sagaci,</span> <span class='ocrx_word' id='word_1_220' title='bbox 762 2124 808 2164; x_wconf 90' lang='lat' dir='ltr'>in</span> <span class='ocrx_word' id='word_1_221' title='bbox 830 2137 917 2182; x_wconf 90' lang='lat' dir='ltr'>quo</span> <span class='ocrx_word' id='word_1_222' title='bbox 939 2121 1211 2182; x_wconf 87' lang='lat' dir='ltr'>colloquium</span> <span class='ocrx_word' id='word_1_223' title='bbox 1231 2129 1296 2164; x_wconf 83' lang='lat' dir='ltr'>est</span> <span class='ocrx_word' id='word_1_224' title='bbox 1314 2121 1472 2181; x_wconf 85' lang='lat' dir='ltr'>puellae</span> <span class='ocrx_word' id='word_1_225' title='bbox 1492 2138 1591 2165; x_wconf 85' lang='lat' dir='ltr'>cum.</span> 
     </span>
     <span class='ocr_line' id='line_1_29' title="bbox 165 2192 1373 2254; baseline 0.002 -20"><span class='ocrx_word' id='word_1_226' title='bbox 165 2193 345 2243; x_wconf 86' lang='lat' dir='ltr'>nuntio,</span> <span class='ocrx_word' id='word_1_227' title='bbox 372 2194 450 2254; x_wconf 86' lang='lat' dir='ltr'>qui</span> <span class='ocrx_word' id='word_1_228' title='bbox 470 2192 587 2236; x_wconf 87' lang='lat' dir='ltr'>dona</span> <span class='ocrx_word' id='word_1_229' title='bbox 607 2210 629 2235; x_wconf 87' lang='lat' dir='ltr'>a</span> <span class='ocrx_word' id='word_1_230' title='bbox 646 2202 778 2253; x_wconf 87' lang='lat' dir='ltr'>poeta</span> <span class='ocrx_word' id='word_1_231' title='bbox 796 2196 879 2254; x_wconf 87' lang='lat' dir='ltr'>ipsi</span> <span class='ocrx_word' id='word_1_232' title='bbox 901 2194 1053 2248; x_wconf 85' lang='lat' dir='ltr'>affert,</span> <span class='ocrx_word' id='word_1_233' title='bbox 1083 2195 1144 2236; x_wconf 85' lang='lat' dir='ltr'>ita</span> <span class='ocrx_word' id='word_1_234' title='bbox 1166 2193 1341 2237; x_wconf 78' lang='lat' dir='ltr'>orditur</span> <span class='ocrx_word' id='word_1_235' title='bbox 1364 2212 1373 2238; x_wconf 89' lang='lat'><strong>:</strong></span> 
     </span>
    </p>
   </div>
   <div class='ocr_carea' id='block_1_5' title="bbox 379 2316 1459 2733">
    <p class='ocr_par' dir='ltr' id='par_1_12' title="bbox 382 2316 1221 2362">
     <span class='ocr_line' id='line_1_30' title="bbox 382 2316 1221 2362; baseline -0.001 -9"><span class='ocrx_word' id='word_1_236' title='bbox 382 2317 526 2353; x_wconf 88' lang='lat' dir='ltr'>Summi</span> <span class='ocrx_word' id='word_1_237' title='bbox 545 2317 685 2352; x_wconf 81' lang='lat' dir='ltr'>victoris</span> <span class='ocrx_word' id='word_1_238' title='bbox 699 2316 823 2352; x_wconf 86' lang='lat' dir='ltr'>fierem</span> <span class='ocrx_word' id='word_1_239' title='bbox 839 2330 950 2362; x_wconf 86' lang='lat' dir='ltr'>quum</span> <span class='ocrx_word' id='word_1_240' title='bbox 967 2317 1077 2353; x_wconf 80' lang='lat' dir='ltr'>victor</span> <span class='ocrx_word' id='word_1_241' title='bbox 1093 2317 1221 2352; x_wconf 84' lang='lat' dir='ltr'>amoris</span> 
     </span>
    </p>

    <p class='ocr_par' dir='ltr' id='par_1_13' title="bbox 382 2378 1141 2425">
     <span class='ocr_line' id='line_1_31' title="bbox 382 2378 1141 2425; baseline 0 -11"><span class='ocrx_word' id='word_1_242' title='bbox 382 2379 574 2425; x_wconf 80' lang='lat' dir='ltr'>Sperabam</span> <span class='ocrx_word' id='word_1_243' title='bbox 590 2378 682 2414; x_wconf 86' lang='lat' dir='ltr'>curis</span> <span class='ocrx_word' id='word_1_244' title='bbox 698 2378 808 2413; x_wconf 78' lang='lat' dir='ltr'>finem</span> <span class='ocrx_word' id='word_1_245' title='bbox 820 2379 972 2425; x_wconf 87' lang='lat' dir='ltr'>posuisse</span> <span class='ocrx_word' id='word_1_246' title='bbox 989 2379 1118 2415; x_wconf 79' lang='lat' dir='ltr'>suturis</span> <span class='ocrx_word' id='word_1_247' title='bbox 1132 2407 1141 2424; x_wconf 87' lang='lat'>,</span> 
     </span>
    </p>

    <p class='ocr_par' dir='ltr' id='par_1_14' title="bbox 379 2439 1427 2609">
     <span class='ocr_line' id='line_1_32' title="bbox 379 2439 1375 2486; baseline -0.001 -11"><span class='ocrx_word' id='word_1_248' title='bbox 379 2439 516 2476; x_wconf 71' lang='lat' dir='ltr'>Rursus</span> <span class='ocrx_word' id='word_1_249' title='bbox 532 2440 575 2475; x_wconf 83' lang='lat' dir='ltr'>ad</span> <span class='ocrx_word' id='word_1_250' title='bbox 592 2451 691 2474; x_wconf 79' lang='lat' dir='ltr'>arma</span> <span class='ocrx_word' id='word_1_251' title='bbox 706 2447 806 2475; x_wconf 82' lang='lat' dir='ltr'>vocat</span> <span class='ocrx_word' id='word_1_252' title='bbox 821 2453 898 2484; x_wconf 85' lang='lat' dir='ltr'>me,</span> <span class='ocrx_word' id='word_1_253' title='bbox 919 2442 1042 2486; x_wconf 67' lang='lat' dir='ltr'>quaerit</span> <span class='ocrx_word' id='word_1_254' title='bbox 1056 2448 1091 2476; x_wconf 88' lang='lat' dir='ltr'>et</span> <span class='ocrx_word' id='word_1_255' title='bbox 1111 2453 1189 2476; x_wconf 80' lang='lat' dir='ltr'>ecce</span> <span class='ocrx_word' id='word_1_256' title='bbox 1207 2439 1347 2486; x_wconf 89' lang='lat' dir='ltr'>Cupido</span> <span class='ocrx_word' id='word_1_257' title='bbox 1366 2467 1375 2484; x_wconf 93' lang='lat'>,</span> 
     </span>
     <span class='ocr_line' id='line_1_33' title="bbox 385 2500 1427 2547; baseline 0.002 -12"><span class='ocrx_word' id='word_1_258' title='bbox 385 2500 454 2536; x_wconf 84' lang='lat' dir='ltr'>Dic</span> <span class='ocrx_word' id='word_1_259' title='bbox 466 2528 476 2545; x_wconf 88' lang='lat'>,</span> <span class='ocrx_word' id='word_1_260' title='bbox 495 2514 595 2536; x_wconf 83' lang='lat' dir='ltr'>amor</span> <span class='ocrx_word' id='word_1_261' title='bbox 606 2527 615 2544; x_wconf 94' lang='lat'>,</span> <span class='ocrx_word' id='word_1_262' title='bbox 634 2500 729 2535; x_wconf 87' lang='lat' dir='ltr'>unde</span> <span class='ocrx_word' id='word_1_263' title='bbox 748 2501 845 2536; x_wconf 85' lang='lat' dir='ltr'>venis</span> <span class='ocrx_word' id='word_1_264' title='bbox 862 2501 1033 2547; x_wconf 75' lang='lat' dir='ltr'>pharetris</span> <span class='ocrx_word' id='word_1_265' title='bbox 1049 2502 1097 2537; x_wconf 88' lang='lat' dir='ltr'>sic</span> <span class='ocrx_word' id='word_1_266' title='bbox 1115 2501 1272 2547; x_wconf 89' lang='lat' dir='ltr'>undique</span> <span class='ocrx_word' id='word_1_267' title='bbox 1289 2501 1398 2547; x_wconf 71' lang='lat' dir='ltr'>plenis</span> <span class='ocrx_word' id='word_1_268' title='bbox 1413 2501 1427 2537; x_wconf 84' lang='lat'>?</span> 
     </span>
     <span class='ocr_line' id='line_1_34' title="bbox 386 2560 1264 2609; baseline 0 -13"><span class='ocrx_word' id='word_1_269' title='bbox 386 2560 500 2608; x_wconf 73' lang='lat' dir='ltr'>Cujus</span> <span class='ocrx_word' id='word_1_270' title='bbox 516 2569 626 2598; x_wconf 79' lang='lat' dir='ltr'>castra</span> <span class='ocrx_word' id='word_1_271' title='bbox 643 2563 730 2608; x_wconf 84' lang='lat' dir='ltr'>petis</span> <span class='ocrx_word' id='word_1_272' title='bbox 741 2588 751 2606; x_wconf 83' lang='lat'>,</span> <span class='ocrx_word' id='word_1_273' title='bbox 772 2563 827 2597; x_wconf 83' lang='lat' dir='ltr'>vel</span> <span class='ocrx_word' id='word_1_274' title='bbox 842 2563 940 2609; x_wconf 86' lang='lat' dir='ltr'>cujus</span> <span class='ocrx_word' id='word_1_275' title='bbox 956 2563 1101 2598; x_wconf 81' lang='lat' dir='ltr'>vulnera</span> <span class='ocrx_word' id='word_1_276' title='bbox 1117 2563 1231 2598; x_wconf 78' lang='lat' dir='ltr'>tendis</span> <span class='ocrx_word' id='word_1_277' title='bbox 1248 2563 1264 2596; x_wconf 88' lang='lat'>?</span> 
     </span>
    </p>

    <p class='ocr_par' dir='ltr' id='par_1_15' title="bbox 383 2622 1459 2733">
     <span class='ocr_line' id='line_1_35' title="bbox 383 2622 1377 2669; baseline 0.003 -13"><span class='ocrx_word' id='word_1_278' title='bbox 383 2622 480 2658; x_wconf 82' lang='lat' dir='ltr'>Hinc</span> <span class='ocrx_word' id='word_1_279' title='bbox 497 2624 617 2669; x_wconf 83' lang='lat' dir='ltr'>procul</span> <span class='ocrx_word' id='word_1_280' title='bbox 633 2623 715 2658; x_wconf 86' lang='lat' dir='ltr'>hinc</span> <span class='ocrx_word' id='word_1_281' title='bbox 732 2623 838 2667; x_wconf 83' lang='lat' dir='ltr'>absis,</span> <span class='ocrx_word' id='word_1_282' title='bbox 855 2623 935 2669; x_wconf 83' lang='lat' dir='ltr'>quia</span> <span class='ocrx_word' id='word_1_283' title='bbox 951 2637 1090 2659; x_wconf 85' lang='lat' dir='ltr'>mecum</span> <span class='ocrx_word' id='word_1_284' title='bbox 1112 2624 1206 2659; x_wconf 80' lang='lat' dir='ltr'>nulla</span> <span class='ocrx_word' id='word_1_285' title='bbox 1224 2623 1355 2660; x_wconf 83' lang='lat' dir='ltr'>videbis</span> <span class='ocrx_word' id='word_1_286' title='bbox 1367 2650 1377 2668; x_wconf 89' lang='lat'>,</span> 
     </span>
     <span class='ocr_line' id='line_1_36' title="bbox 388 2684 1459 2733; baseline 0.001 -14"><span class='ocrx_word' id='word_1_287' title='bbox 388 2684 458 2720; x_wconf 76' lang='lat' dir='ltr'>&#39;rot</span> <span class='ocrx_word' id='word_1_288' title='bbox 475 2684 535 2719; x_wconf 82' lang='lat' dir='ltr'>tibi</span> <span class='ocrx_word' id='word_1_289' title='bbox 552 2691 633 2720; x_wconf 81' lang='lat' dir='ltr'>sunt</span> <span class='ocrx_word' id='word_1_290' title='bbox 652 2685 797 2720; x_wconf 85' lang='lat' dir='ltr'>Parides</span> <span class='ocrx_word' id='word_1_291' title='bbox 810 2711 819 2729; x_wconf 85' lang='lat'><strong>‚</strong></span> <span class='ocrx_word' id='word_1_292' title='bbox 838 2692 874 2720; x_wconf 81' lang='lat' dir='ltr'>et</span> <span class='ocrx_word' id='word_1_293' title='bbox 887 2692 939 2721; x_wconf 81' lang='lat' dir='ltr'>tot</span> <span class='ocrx_word' id='word_1_294' title='bbox 955 2686 1017 2721; x_wconf 82' lang='lat' dir='ltr'>tibi</span> <span class='ocrx_word' id='word_1_295' title='bbox 1032 2693 1114 2722; x_wconf 84' lang='lat' dir='ltr'>sunt</span> <span class='ocrx_word' id='word_1_296' title='bbox 1127 2685 1352 2733; x_wconf 84' lang='lat' dir='ltr'>Ganymedes</span> <span class='ocrx_word' id='word_1_297' title='bbox 1367 2711 1377 2730; x_wconf 88' lang='lat'>‚</span> <span class='ocrx_word' id='word_1_298' title='bbox 1394 2692 1459 2721; x_wconf 77' lang='lat' dir='ltr'>etc.</span> 
     </span>
    </p>
   </div>
  </div>
 </body>
</html>
