1794 3100
612 207 1078 252 FRAGMENTA.
1503 220 1551 267 7¹

136 306 264 358 uxori
283 305 446 362 virum,
471 315 517 353 et
532 302 627 351 viro
642 320 827 351 uxorem
845 300 1028 364 diligere
1047 299 1274 348 concedas.
1293 301 1481 348 Necesse
1496 311 1564 348 est

136 387 294 439 deinde
309 424 322 446 ‚
349 385 770 452 jurarepermittas,
788 383 835 434 vsi
858 402 1001 432 amare
1022 382 1286 451 permiseris
1326 381 1462 445 Quod
1482 382 1564 430 ha-

133 470 287 520 buisse
304 488 385 518 nos
397 467 706 535 jusjurandum
726 479 858 534 putas
875 467 894 515 ?
916 477 966 514 tu
980 465 1116 514 nobis
1133 463 1387 528 religiosum
1403 483 1566 514 nomen

136 553 274 602 fuisti.
302 552 350 600 Si
385 552 696 610 mentiremur,
733 549 810 598 illa
833 549 954 599 sibi
943 561 1103 597 iratum
1124 559 1293 615 patrem
1316 547 1563 606 invocavit,

137 653 220 699 ego
236 652 447 683 socerum.
467 634 626 691 Parce,
640 644 789 700 pater3
813 650 965 699 parce,
982 649 1132 680 socer:
1154 649 1246 679 non
1264 648 1565 697 pe1e1aV1mus

138 715 254 766 Ecce
295 716 559 782 objurgator
587 727 761 774 noster,
795 733 927 782 quam
961 713 1184 762 effraenato
1216 731 1361 762 amore
1395 712 1568 761 fertur!

138 817 390 867 quanquam
413 817 506 847 esse
522 797 656 846 filiam
670 797 884 864 preceris3
908 815 1057 846 carum
1077 795 1276 863 quidem,
1301 795 1422 862 quod
1443 793 1571 842 illum

137 882 194 930 ab
217 880 495 944 indulgentia
519 899 596 930 sua
617 891 781 928 avocet.
819 878 881 927 D}
901 879 1041 927 boni!
1067 878 1294 944 quomodo
1315 878 1389 926 hic
1412 877 1573 926 amavit

137 965 351 1013 uxorem?
374 974 490 1012 amat
511 961 669 1020 filiam,
694 973 739 1010 et
762 960 938 1009 abdicat
961 980 970 1008 :
998 959 1121 1008 dolet
1138 959 1428 1027 periclitatam
1448 978 1540 1008 esse
1556 996 1569 1017 ,

138 1058 183 1096 et
202 1046 259 1096 ab
277 1065 331 1095 eo
353 1043 558 1102 abducit,
575 1043 672 1092 'sine
692 1062 783 1110 quo
805 1054 939 1107 negat
961 1059 1157 1109 seposse
1173 1041 1318 1090 vivere
1338 1061 1348 1089 :
1371 1041 1574 1107 queritur

137 1128 388 1196 periculum
408 1127 502 1194 ejus
516 1165 528 1186 ,
554 1133 642 1194 qua
665 1144 789 1194 paene
813 1125 952 1174 caruit
972 1125 1069 1183 hic,
1096 1124 1174 1191 qui
1196 1142 1339 1172 amare
1359 1135 1484 1172 caute
1502 1123 1575 1189 ju-

136 1212 229 1260 bet.
248 1209 441 1260 Facilius
455 1209 502 1258 in
518 1228 667 1258 amore
685 1207 817 1258 finem
833 1209 1063 1276 impetres,
1081 1227 1213 1275 quam
1231 1206 1415 1255 modum
1436 1226 1446 1255 z
1468 1218 1575 1255 tune

137 1295 224 1344 hos
240 1293 373 1362 ponis
394 1293 630 1352 terminos,
649 1304 701 1341 ut
718 1291 832 1340 nihil
850 1292 1034 1350 faciant,
1052 1290 1138 1340 nisi
1156 1290 1446 1349 considerate3
1461 1289 1577 1338 nihil

139 1376 405 1444 promittant
419 1413 431 1434 ,
456 1374 544 1423 nisi
569 1386 619 1423 ut
634 1375 706 1440 jus
726 1374 904 1432 facturi;
930 1374 1074 1428 omnia
1089 1373 1223 1422 verba
1240 1372 1410 1421 ratione
1429 1384 1472 1421 et
1489 1371 1576 1422 fide

139 1459 416 1527 ponderent?
439 1457 574 1507 Senes
593 1457 656 1506 sic
672 1468 834 1506 amant.
856 1457 1002 1506 Pauca
1018 1449 1163 1515 nosti,
1187 1467 1332 1522 pater,
1359 1455 1543 1504 crimina
1561 1476 1573 1504 ε

140 1554 185 1591 et
208 1542 477 1606 litigavimus
501 1540 742 1609 aliquando
761 1579 773 1601 ,
800 1553 844 1589 et
866 1540 1109 1590 decidimus
1127 1559 1138 1598 ;
1156 1551 1200 1589 et
1217 1539 1403 1588 fortasse
1417 1577 1428 1597 ,
1451 1539 1576 1605 quod

140 1643 231 1672 non
255 1636 386 1692 putas
406 1663 418 1683 ,
451 1625 754 1692 pejeravimus.
790 1624 917 1689 Quid
940 1623 996 1672 ad
1017 1636 1165 1690 patres
1187 1623 1382 1690 pertinet
1402 1660 1413 1679 ,
1452 1622 1575 1689 quod

140 1719 336 1756 amantes
356 1708 534 1773 jurent?
554 1709 592 1757 si
614 1708 680 1756 vis
698 1707 895 1766 credere,
919 1726 999 1755 nec
1017 1707 1074 1754 ad
1099 1707 1219 1754 Deos
1244 1705 1448 1773 pertinet.
1470 1706 1575 1752 Non

142 1802 210 1848 est
243 1787 366 1858 quod
398 1790 483 1840 tibi
511 1790 706 1859 placeas,
730 1810 865 1850 uxor,
895 1802 1105 1857 tanquam
1126 1789 1269 1856 prima
1292 1787 1537 1855 peccaveris
1562 1806 1574 1835 :

113 1932 121 1940 ἡ
141 1873 277 1939 periit
296 1871 444 1942 aliqua
465 1893 564 1923 cum
585 1873 702 1933 viro,
725 1869 860 1941 periit
884 1870 1031 1939 aliqua
1058 1891 1141 1939 pro
1163 1871 1284 1930 viro;
1308 1867 1406 1920 illas
1428 1882 1574 1919 tamen
1611 1874 1615 1877 ’

144 1955 289 2004 omnis
321 1968 426 2006 aetas
455 1956 722 2015 honorabit,
749 1975 879 2005 omne
905 1955 1149 2004 celebrabit
1184 1953 1423 2018 ingenium.
1459 1954 1569 2010 Fer,

146 2042 288 2097 socer,
307 2037 558 2088 felicitatem
583 2052 704 2088 tuam
724 2059 734 2088 ε
759 2058 968 2103 magnum
990 2038 1074 2086 tibi
1097 2057 1226 2104 quam
1245 2056 1380 2104 parvo
1401 2047 1575 2085 constat

145 2120 413 2187 exemplum!
442 2121 490 2170 in
517 2121 738 2189 reliquum
773 2122 1076 2186 diligentiores
1100 2121 1203 2169 facti
1227 2139 1379 2168 sumus
1404 2139 1414 2167 ε
1442 2137 1573 2167 erro—

145 2222 238 2252 rem
258 2216 461 2253 nostrum
482 2205 770 2255 confitemur:
796 2206 1015 2255 exciderat
1044 2205 1296 2271 jurantibus
1315 2242 1327 2263 ,
1362 2221 1456 2252 esse
1482 2214 1573 2251 ter-

146 2286 258 2336 tium
282 2288 360 2354 qui
381 2287 520 2350 magis
543 2301 706 2337 amaret
729 2309 739 2337 :
765 2289 853 2347 sic,
887 2290 949 2338 Di
963 2327 975 2346 ,
1008 2289 1067 2337 sit
1089 2306 1272 2354 semper.
1311 2287 1543 2334 Persevera
1560 2322 1573 2342 ,

149 2389 294 2429 socer;
317 2370 462 2437 recipe
483 2369 617 2419 filiam
639 2390 649 2418 :
668 2390 751 2434 ego
766 2409 778 2430 ,
803 2372 880 2438 qui
901 2373 1075 2438 peccavi
1089 2410 1100 2430 ,
1124 2389 1254 2436 poena
1278 2369 1439 2432 dignus
1461 2387 1572 2417 sum.

149 2453 320 2517 Quare,
340 2473 478 2502 uxore
492 2466 643 2502 necata
656 2491 668 2511 ,
683 2472 836 2502 socero
849 2473 976 2502 causa
994 2454 1077 2503 sim
1097 2452 1331 2501 orbitatis?
1344 2451 1579 2500 Discedam

149 2555 172 2583 e
186 2534 384 2594 civitate;
405 2535 596 2598 fugiam3
618 2535 827 2585 exsulabo
843 2556 852 2585 τ
868 2548 1094 2602 utcunque
1112 2546 1267 2602 potero
1280 2572 1292 2594 ‚
1313 2533 1578 2583 desiderium

95 2622 97 2624 ’
150 2617 306 2667 misera
323 2629 367 2667 et
385 2618 551 2667 crudeli
569 2619 781 2687 patientia
795 2618 1022 2686 perferam.
1042 2619 1266 2677 Morerer,
1285 2617 1323 2666 si
1345 2616 1468 2667 solus
1486 2635 1580 2665 mo-

149 2701 318 2752 riturus
342 2721 535 2752 essem.»

1653 2566 1665 2596 f
