1794 3100
457 231 546 276 DE
579 231 631 274 P.
668 230 931 275 OVIDIO
962 230 1252 275 NASONE.
1480 232 1568 293 339

358 325 463 361 Hanc
481 335 548 369 ego
561 349 571 367 ,
589 335 651 358 seu
668 322 812 370 Lyciam
823 349 832 366 ,
852 330 1081 369 maternaque
1098 322 1199 358 litora
1214 321 1308 358 calco
1319 348 1331 367 ‚

380 395 384 398 ·
403 383 477 420 Seu
492 385 618 420 Boreae
633 383 731 419 sedes
749 391 938 429 tesquaque
951 410 962 427 ‚
979 383 1077 420 laetus
1092 397 1168 430 ago.

359 446 435 483 Nec
452 445 560 492 pudet
575 472 585 489 ,
605 452 641 480 et
659 445 810 480 referam
823 471 832 489 ,
851 458 1053 491 quanquam
1070 445 1179 492 pudet
1195 445 1339 490 (omnia
1355 452 1470 481 vatem

397 506 496 542 Scire
511 505 630 548 denen
648 506 773 541 calum
788 505 923 541 vatibus
941 519 1048 541 omne
1061 513 1161 552 patet
1171 508 1202 551 ):

358 567 433 604 Nos
450 579 591 613 quoque
605 566 694 602 lesit
711 567 843 611 Amor,
860 566 1078 612 volucrisque
1093 567 1252 613 potentia
1270 567 1353 604 Divi
1368 594 1378 611 ,
1530 570 1570 611 75

400 628 449 663 Et
464 627 545 664 satis
560 628 597 662 in
617 627 702 663 caelo
715 627 833 663 fabula
848 635 933 663 nota
948 640 1079 663 sumus·

351 689 428 726 Nec
444 688 569 735 loquar
584 696 646 724 aut
663 687 821 724 Chiones
837 688 1060 734 pulchraeque
1081 687 1271 723 Coronidis
1287 688 1405 734 ignem
1418 714 1427 731 ‚

395 750 470 786 Aut
485 757 643 785 veterem
662 749 850 796 Daphnes,
868 755 950 793 aut,
969 748 1190 796 Hyacinthe,
1210 755 1330 791 tuum;

353 811 405 850 Et
418 824 677 857 quemcumque
697 824 761 845 suo
777 810 918 846 deducit
933 810 1089 847 carmine
1108 811 1257 854 Noster,

397 873 523 919 Quum
540 873 644 908 facies
662 886 776 908 versas
795 872 913 907 nobile
929 878 1047 907 cantat
1062 884 1159 917 opus-
1524 875 1567 908 80

354 934 510 981 Pelignis
525 934 673 969 memini
688 934 808 969 vixisse
824 933 1019 969 salubribus
1030 931 1115 968 olim
1130 946 1138 967 :

394 993 510 1030 Causa
526 995 596 1030 fuit
612 995 717 1030 facies
737 1001 902 1041 grataque
919 994 1036 1030 forma
1052 993 1150 1031 Deae.

348 1055 514 1102 Nympha
531 1055 600 1090 fuit
612 1082 621 1100 ,
639 1056 738 1090 vultu
755 1055 807 1102 (si
823 1055 1015 1101 quidquam
1030 1055 1144 1092 credis
1160 1056 1293 1093 amanti
1304 1059 1340 1101 ,)

391 1116 508 1163 Digna
527 1115 608 1152 Deo
625 1117 715 1151 natis
723 1116 955 1163 ‘caelicolisque
976 1116 1065 1152 coli:

349 1175 474 1221 Clara,
492 1189 602 1222 genus
618 1177 778 1225 Solymi,
799 1177 946 1225 Solymo
961 1178 1179 1224 cognominis
1197 1190 1206 1214 z
1225 1191 1245 1214 a
1260 1191 1330 1224 quo
1524 1182 1565 1215 85

390 1238 603 1274 Sulmonem
620 1239 767 1284 patriam
784 1240 847 1274 scis
863 1239 1022 1274 habuisse
1037 1252 1152 1274 suum.

348 1299 529 1335 Ulteriora
547 1313 695 1346 aequom
713 1300 837 1335 studiis
852 1313 925 1335 non
943 1300 1000 1335 illa
1014 1301 1189 1338 Minervae

390 1360 523 1397 Dedita
536 1387 546 1405 ,
563 1373 631 1396 nee
649 1360 752 1408 sylvis
769 1361 1021 1407 arboribusque
1036 1388 1046 1406 ‚
1067 1361 1146 1397 fuit.

345 1421 430 1459 Non
454 1421 501 1457 illi
519 1423 666 1468 juvenes
679 1449 688 1466 ,
702 1435 779 1457 non
802 1423 849 1457 illi
861 1423 1014 1466 ⁴stamina
1029 1435 1123 1458 curae
1141 1434 1149 1455 :

385 1483 468 1519 Non
485 1483 585 1518 radio
601 1483 701 1520 docte
717 1510 727 1528 ,
744 1497 817 1519 non
834 1485 926 1520 bene
944 1483 1055 1530 pingit
1071 1497 1145 1520 acu.
1514 1498 1558 1532 90

339 1543 500 1580 Carmen
515 1552 610 1580 amat
626 1552 764 1580 tantum
778 1571 788 1590 ,
806 1552 1012 1591 nostrasque
1030 1544 1251 1591 amplectitur
1265 1553 1375 1589 artes3

386 1605 544 1642 Carmen
560 1614 655 1642 amat
669 1614 808 1644 tantum
822 1633 832 1651 ‚
849 1614 1038 1652 nostraque
1057 1620 1152 1642 sacra
1167 1607 1259 1644 colit.

342 1667 497 1714 Negligit
512 1675 548 1703 et
562 1668 714 1703 sormam
732 1682 741 1711 ;
758 1668 864 1704 facies
878 1669 953 1704 sine
968 1669 1119 1704 cultibus
1134 1668 1222 1706 ullis.

387 1728 434 1763 Et
451 1728 559 1774 magis
571 1729 644 1764 ·hoc
662 1729 736 1775 ipso
747 1755 756 1773 ,
773 1729 922 1773 cultibus
939 1729 1023 1764 orba
1037 1756 1046 1773 ,
1062 1729 1182 1775 placet.

339 1790 421 1826 Hoc
438 1803 578 1837 quoque
598 1792 671 1837 jam
689 1792 790 1837 (quis
806 1792 903 1826 enim
918 1792 1060 1838 propria
1077 1805 1151 1827 non
1170 1792 1325 1839 tangitur
1341 1793 1437 1829 arte?
1451 1793 1467 1840 )
1512 1798 1554 1842 95

379 1852 548 1888 Materies
564 1854 674 1888 nostri
691 1866 818 1900 magna
834 1853 964 1888 furoris
982 1860 1067 1889 erat.

333 1913 438 1959 Saepe
455 1915 550 1949 canit
563 1914 732 1960 vultuque
752 1915 865 1960 ipsum
875 1915 1107 1950 commendat
1123 1916 1324 1952 Homerum
1337 1943 1347 1960 ‚

384 1974 527 2020 Quique
544 1989 622 2011 suas
643 1976 761 2011 Ascrae
776 1978 934 2023 gramine
957 1975 1050 2021 pavit
1067 1989 1148 2011 oves
1162 1977 1168 2010 Ε

335 2035 438 2082 Saepe
459 2037 541 2084 lyrae
559 2037 698 2072 dulcem
715 2037 829 2084 digitis
844 2038 1086 2073 accommodat
1103 2046 1215 2073 artem
1228 2065 1239 2083 ,

379 2097 553 2144 Aleaeique
570 2112 704 2135 ammos
715 2126 724 2144 ,
745 2100 1003 2146 Stesichorique
1020 2100 1152 2135 modos.
1485 2116 1547 2138 1oo

337 2158 510 2194 Nondum
525 2159 597 2195 haec
615 2161 780 2197 Ausoniae
797 2161 1020 2210 celebrabant
1038 2162 1186 2197 numina
1203 2162 1394 2209 Nymphae:

380 2220 448 2253 Vix
465 2219 584 2256 Musas
603 2220 692 2256 Latii
709 2228 785 2256 tum
801 2222 941 2257 coluere
960 2222 1035 2257 viri.

334 2279 433 2315 Cura
450 2281 513 2315 viri
530 2282 634 2316 lituus
646 2308 656 2324 ,
673 2283 883 2330 clypeusque
896 2277 959 2333 set
975 2285 1094 2329 cassis,
1114 2293 1149 2319 et
1165 2284 1272 2319 hasta.

374 2342 460 2376 Pars
475 2355 534 2388 prr
542 2343 653 2388 priam
668 2370 677 2387 ,
699 2346 829 2389 positus
844 2359 925 2387 ‚rure
935 2374 944 2390 ,
960 2346 1095 2381 colebat
1112 2346 1273 2381 humum.

327 2403 446 2438 Matre
462 2405 525 2439 sub
545 2404 674 2439 immiti
689 2405 863 2442 ducebant
878 2420 985 2454 pensa
1001 2407 1124 2453 puellae
1142 2421 1149 2442 :
1485 2411 1544 2444 105

375 2465 448 2499 Aut
467 2465 543 2510 plus
559 2472 620 2500 aut
635 2465 775 2501 solitum
793 2480 938 2513 queque
960 2467 1119 2503 trahebat
1137 2481 1233 2514 opus.

325 2524 724 2565 1ncalui,1ateor:nec
740 2538 815 2572 spes
831 2529 966 2564 affulsit
981 2530 1125 2565 amanti.

368 2585 456 2621 Haec
473 2600 614 2633 quoque
634 2601 705 2633 quo
721 2590 838 2624 minor
857 2597 928 2634 est,
949 2591 1014 2626 hoc
1030 2591 1138 2636 magis
1154 2598 1256 2657 urget
1271 2603 1379 2626 amor.

327 2645 479 2682 Deserui
494 2649 642 2692 caelum,
661 2650 876 2697 Pelignaque
893 2652 1028 2687 saucius
1042 2665 1122 2686 arva

372 2707 580 2754 Ingredior,
596 2710 714 2746 forma
729 2711 969 2749 dissimulante
986 2713 1116 2749 Deum.
1227 2706 1231 2710 ’
1267 2706 1270 2711 “
1481 2728 1493 2747 ¹
1505 2727 1542 2748 ¹⁰
