1794 3100
228 177 309 224 136
665 182 714 222 P.
755 181 987 225 OV1D11
1027 180 1194 225 VITA

219 283 348 337 quet,
388 270 440 318 de
461 270 578 320 Julia
606 291 698 320 non
719 291 850 338 posse
874 272 1090 336 intelligi,
1131 272 1248 338 quod
1273 271 1460 320 Ovidius
1481 272 1537 320 de
1557 270 1636 321 sua*

217 348 412 396 Corinna
450 349 809 398 medicaminibus
839 349 1043 398 abortum
1077 350 1261 398 faciente
1294 349 1440 406 canit,
1477 350 1630 397 Amor.

216 426 293 474 lib.
318 428 385 484 ll,
412 427 534 490 Eleg.
562 441 647 475 XIII
672 440 716 476 et
739 441 834 477 XIV.
873 428 1000 477 Adde
1026 448 1124 476 cum
1146 427 1263 476 Aldo
1286 427 1491 476 Manutio
1507 465 1519 486 ‚
1544 421 1634 476 Nass

220 521 372 550 sonem
398 503 450 550 de
475 503 565 550 suis
590 522 689 551 cum
714 503 905 552 Corinna
936 504 1162 552 amoribus
1194 522 1243 551 ea
1282 522 1373 551 non
1397 502 1634 551 relaturum

218 579 352 634 fuisse
368 617 379 636 ‚
401 597 495 644 quae
517 579 599 641 jam
617 580 664 627 in
682 579 832 628 exsilio
846 580 1072 646 praedicta,
1089 582 1222 629 Trist.
1244 580 1320 628 lib.
1338 570 1415 637 IV,
1430 578 1552 642 Eleg.
1576 594 1606 628 Χ
1619 617 1631 636 ,

218 657 462 715 scribebat,
487 656 524 704 si
548 656 723 722 quidem
744 657 817 705 illa
842 658 932 722 ejus
954 657 1134 706 miseriae
1152 670 1196 705 et
1214 656 1356 706 exsilii
1377 676 1504 706 causa
1527 655 1633 709 fuis÷

218 745 296 781 set.
322 733 456 790 Plura
479 734 671 782 dicemus
694 734 748 783 ad
769 754 837 782 an.
866 736 920 781 U.
949 735 998 781 C.
1021 747 1219 783 DCCLXII.

749 847 1098 859 *mmmmm

346 975 454 1010 Anno
472 982 552 1010 ante
573 975 614 1010 C.
633 987 701 1018 xx;
721 976 769 1010 U.
788 974 831 1010 C.
848 985 1049 1018 nccxxx1v;
1068 974 1188 1010 Ovidii
1202 1001 1212 1019 ‚
1230 963 1324 1009 xiim
1340 981 1376 1009 et
1393 985 1491 1009 xxtv.

486 1069 538 1102 M.
555 1068 804 1112 APULEIO,
824 1069 865 1103 P.
881 1042 1011 1104 SILIO
1029 1068 1202 1104 NERVA
1222 1067 1358 1103 coss.

281 1163 315 1208 I.
355 1161 762 1224 QUANDOQUIDEM
785 1182 925 1212 annus
960 1164 1096 1212 aetatis
1135 1175 1250 1211 xx1v
1287 1174 1402 1210 recte
1436 1168 1447 1187 ¹
1480 1160 1633 1228 Lipsio

218 1237 391 1286 videtur
411 1238 633 1301 legitimus
653 1240 706 1288 ad
725 1241 957 1306 petendam
978 1252 1238 1307 quaesturam
1251 1277 1263 1296 ‚
1285 1259 1378 1305 quae
1394 1239 1564 1305 primus
1585 1238 1632 1286 in

217 1328 368 1364 senatu
395 1317 555 1379 gradus
576 1318 681 1373 fuit,
705 1317 807 1365 inde
831 1317 932 1366 licet
955 1318 1009 1365 ad
1032 1318 1124 1365 haec
1147 1317 1318 1365 circiter
1340 1328 1539 1382 tempora
1561 1334 1633 1363 re-

216 1393 327 1441 ferre
363 1394 481 1460 quod
513 1394 701 1442 Ovidius
724 1394 775 1442 de
799 1414 876 1443 sua
899 1407 1046 1443 narrat
1069 1394 1275 1442 senatorii
1303 1393 1468 1441 ordinis
1490 1393 1633 1457 ejura-

218 1471 336 1519 tione
351 1509 361 1528 ‚
389 1491 523 1537 quum
544 1472 629 1535 jam
645 1509 656 1529 ‚
694 1472 940 1520 honoribus
965 1472 1019 1519 ad
1043 1490 1140 1519 eum
1164 1470 1361 1518 ordinem
1382 1469 1635 1518 necessariis

220 1562 320 1597 ante
353 1550 566 1616 peractis,
603 1550 714 1597 nihil
740 1550 857 1598 aliud
882 1562 1151 1616 superesset,
1179 1568 1307 1615 quam
1334 1560 1384 1596 ut
1405 1548 1636 1596 interesset

214 1627 361 1682 carice,
400 1628 483 1674 hoc
506 1639 571 1675 est
586 1664 598 1683 ‚
628 1627 813 1692 primam
836 1628 883 1674 in
902 1639 1053 1675 senatu
1079 1626 1336 1689 dignitatem
1362 1625 1601 1691 susciperet
1618 1661 1630 1682 ,

217 1703 347 1751 sicuti
373 1704 588 1766 significat
610 1703 678 1751 his
697 1704 831 1752 Trist.
856 1704 934 1751 lib.
959 1706 1041 1763 IV,
1062 1703 1185 1766 Eleg.
1209 1718 1264 1761 x,
1290 1721 1398 1750 vers.
1424 1701 1600 1762 35-40:

439 1807 566 1842 CURIA
584 1808 732 1842 restabat
749 1821 756 1842 :
775 1810 868 1843 clavi
878 1821 1041 1842 mensura
1059 1814 1179 1842 coacta
1198 1814 1257 1842 est.

477 1868 595 1913 Maius
611 1876 685 1902 erat
702 1869 827 1903 nostris
846 1869 973 1902 viribus
988 1868 1072 1901 illud
1092 1880 1191 1902 onus.

431 1930 506 1964 Nec
522 1929 656 1974 patiens
671 1942 793 1979 eorpus
805 1954 814 1971 ,
832 1941 897 1963 nec
913 1940 1012 1962 mens
1029 1927 1097 1961 fuit
1114 1934 1192 1972 apta
1208 1927 1316 1962 labori
1331 1954 1340 1970 ,

477 1989 706 2034 Sollicitaeque
724 1989 827 2034 fugax
843 1988 1038 2023 ambitionis
1053 2001 1168 2022 eram:
1356 1988 1359 1991 ’

434 2049 481 2083 Et
499 2057 616 2094 petere
636 2048 759 2084 Aoniae
778 2049 967 2083 suadebant
985 2055 1057 2083 tuta
1074 2061 1209 2083 sorores

439 2117 442 2121 “
473 2111 575 2154 Otia,
594 2110 724 2155 judicio
740 2124 878 2156 semper
895 2118 1005 2145 amata
1023 2123 1114 2144 meo.

213 2195 380 2248 Forum
400 2211 543 2249 autem
567 2200 689 2247 cun‘oe
723 2200 900 2248 nomine
925 2197 1104 2249 nonest
1134 2220 1232 2248 cum
1254 2199 1478 2248 nonnullis
1501 2199 1628 2248 intel-

211 2278 449 2340 ligendum.
481 2278 564 2325 Sed
593 2289 641 2325 ut
664 2278 804 2325 Varro
831 2284 844 2301 ²
874 2278 1025 2325 definit
1046 2298 1055 2326 :
1077 2301 1098 2320 «
1123 2279 1264 2326 Curiae
1288 2279 1476 2326 duorum
1500 2298 1630 2341 gene-

216 2378 238 2397 »
267 2375 364 2403 rum
384 2374 393 2411 ;
420 2374 518 2402 nam
546 2366 587 2402 et
608 2354 686 2402 ubi
705 2367 909 2403 curarent
930 2356 1174 2404 sacerdotes
1191 2375 1259 2403 res
1280 2355 1466 2413 divinas,
1486 2369 1537 2404 ut
1555 2376 1627 2406 cu-

220 2455 243 2475 »
270 2432 343 2479 riae
364 2444 554 2491 veteres,
579 2444 622 2480 et
644 2432 722 2480 ubi
746 2445 920 2481 senatus
944 2433 1177 2490 humanas,
1202 2443 1251 2479 ut
1273 2432 1389 2480 curia
1414 2432 1625 2491 Hostilia,

253 2542 277 2581 ¹-
290 2561 429 2596 Excurs.
444 2562 480 2595 in
498 2562 606 2596 Tacit.
624 2562 751 2596 Annal.
763 2562 820 2596 lib.
838 2563 893 2598 111
909 2589 918 2606 ,
935 2564 975 2597 B.
990 2570 1025 2597 et
1044 2547 1117 2597 Lib.
1129 2562 1172 2596 de
1188 2562 1344 2608 Magistr.
1363 2561 1466 2596 Rom.
1481 2562 1594 2607 cap.6.

254 2622 269 2640 ²
294 2621 366 2655 Lib.
383 2621 435 2655 IV
453 2621 495 2655 de
514 2622 613 2667 Ling.
631 2623 705 2656 Lat.
718 2648 727 2664 ,
746 2630 781 2658 et
805 2623 861 2657 lib.
882 2625 933 2657 V:
951 2638 967 2653 «
988 2622 1115 2666 Curia,
1139 2622 1197 2656 uhi
1215 2629 1354 2657 senatus
1372 2634 1482 2668 remp.
1507 2628 1624 2666 curat,

213 2695 230 2707 u
249 2685 283 2712 et
300 2677 358 2712 ubi
378 2690 459 2712 cura
475 2691 652 2713 sacrorum
668 2678 823 2724 pubiica3
844 2678 884 2713 ab
903 2678 954 2713 his
970 2677 1139 2714 curiones.
1157 2691 1174 2708 »
