1794 3100
601 222 727 267 PER
759 224 801 267 J.
839 223 1135 268 MAssoN.
1499 244 1580 288 119

159 327 258 368 ante
271 316 486 365 Nostrum
500 314 728 364 mensibus
744 327 873 364 natus
891 328 984 365 erat
1006 322 1016 341 ¹
1038 335 1048 371 ;
1068 316 1234 383 quippe
1253 317 1330 383 qui
1343 317 1430 381 jam
1447 318 1579 368 decem

159 392 260 446 m
271 391 546 458 geminaverat
567 410 697 441 annos
714 431 726 449 ,
759 393 847 441 hoc
871 405 956 452 est,
982 393 1233 442 vicesimum
1256 395 1395 443 aetatis
1420 414 1581 445 annum

158 467 404 523 absolverat
421 488 431 517 :
447 469 582 519 Trist.
609 468 687 517 lib.
714 470 793 527 IV,
813 469 937 534 Eleg.
964 485 1020 526 x,
1043 491 1152 520 vers.
1176 470 1232 518 31
1261 483 1306 520 et
1324 472 1386 520 32
1409 494 1418 521 ε

374 566 526 612 Jamque
543 566 665 602 decem
682 567 761 603 vitae
775 566 885 602 frater
902 567 1140 614 geminaverat
1161 581 1271 604 annos
1285 595 1294 613 ,

419 627 546 673 Quum
563 626 672 673 perit,
689 633 725 662 et
741 628 827 673 coepi
843 634 940 674 parte
959 640 1076 664 carere
1098 630 1179 663 mei.

227 707 286 757 ll.
323 707 575 772 Utrumque
602 724 706 754 vero
726 706 905 754 fratrem
930 725 1021 754 non
1045 706 1218 756 videtur
1249 708 1486 775 respicere,
1512 710 1588 758 sed

163 783 373 835 Ovidium
396 783 531 832 modo
552 795 753 832 nostrum
768 821 780 841 ,
804 782 927 850 quod
949 783 1114 832 ibidem
1137 784 1366 851 subjungit
1385 807 1395 834 :

381 881 551 929 Cepimus
567 889 603 917 et
618 888 749 918 tenera
765 882 895 928 primos
912 883 1019 919 aetatis
1036 882 1209 925 honores;

160 960 359 1027 proxime
379 959 496 1010 enim
520 979 708 1027 sequens
730 960 972 1010 versiculus
992 998 1003 1018 ‚

385 1059 487 1105 Eque
505 1063 588 1094 viris
605 1059 782 1105 quondam
800 1073 879 1106 pars
892 1062 999 1096 tribus
1014 1073 1084 1095 una
1100 1060 1168 1103 sui,

161 1137 296 1186 istum
313 1137 646 1209 interpretatur,
659 1150 702 1186 et
722 1157 836 1204 quos
851 1139 1017 1186 Noster
1028 1138 1229 1186 honores
1247 1137 1319 1185 ina
1326 1136 1591 1187 dolescentia

162 1215 366 1266 sumserit
386 1253 398 1274 ‚
433 1215 592 1264 clarius
629 1215 807 1264 indicat.
846 1217 1001 1283 Neque
1031 1216 1161 1265 etiam
1196 1228 1296 1267 ante
1326 1217 1476 1284 potuit
1505 1216 1591 1265 hoe

161 1293 431 1343 tn'umvimtus
452 1313 631 1343 munere
653 1294 804 1358 fungi,
827 1313 959 1362 quam
977 1294 1133 1357 viginti
1147 1313 1290 1344 annos
1300 1307 1430 1344 natus
1448 1306 1562 1343 esset
1576 1331 1588 1351 ‚

161 1370 229 1418 uti
260 1370 315 1419 ad
347 1389 509 1419 annum
539 1383 792 1438 sequentem
833 1371 1127 1421 ostendemus.
1162 1372 1314 1421 Jocosi
1347 1383 1494 1420 autem
1524 1370 1589 1419 illi

163 1461 269 1497 sunt
281 1487 294 1508 ‚
322 1450 398 1516 qui
422 1449 513 1499 suis
536 1450 723 1518 adhunc
739 1449 887 1500 locum
903 1452 1026 1509 notis
1037 1490 1048 1509 ‚
1066 1471 1147 1518 per
1162 1451 1318 1517 primm
1334 1450 1503 1500 honores
1520 1451 1588 1498 in-

163 1524 370 1593 telligunt
392 1527 523 1575 etiam
545 1526 779 1576 oedilitatem
801 1540 845 1578 et
869 1539 1137 1595 quoesturam,
1161 1529 1287 1596 quasi
1303 1527 1598 1590 magistratus

162 1602 236 1652 isti
250 1603 441 1675 primum
456 1603 809 1660 adolescentibus
828 1596 1035 1656 darentur
1050 1626 1060 1664 3
1077 1625 1214 1672 quum
1234 1617 1378 1654 tamen
1395 1616 1588 1663 constet,

162 1689 431 1745 quoesturam,
468 1701 564 1748 quae
586 1683 757 1749 primus
791 1683 952 1738 eratin
984 1694 1139 1731 senatu
1162 1682 1323 1745 gradus
1345 1700 1393 1729 ac
1425 1681 1589 1744 magis-

165 1768 328 1818 tratus,
347 1758 466 1808 haud
486 1771 585 1809 ante
608 1773 703 1809 XXV
724 1763 862 1809 aetatis
881 1781 1045 1810 annum
1062 1760 1243 1818 initum,
1268 1759 1425 1823 exlege
1445 1759 1591 1809 annali

163 1835 298 1886 fuisse
322 1850 501 1900 gestam.
546 1839 608 1886 At
636 1841 754 1888 Naso
776 1851 927 1888 noster
960 1839 1099 1893 latum
1123 1838 1294 1888 clavum
1318 1851 1418 1888 ante
1442 1840 1588 1898 exuit,

167 1930 298 1978 quam
319 1912 453 1964 ullam
475 1915 521 1962 in
547 1926 700 1964 senatu
724 1915 982 1978 dignitatem
1004 1915 1191 1982 adeptus
1209 1928 1345 1974 esset,
1371 1928 1505 1982 prout
1528 1916 1590 1964 in-

165 1991 301 2040 ferius
319 1991 418 2059 ipso
440 2004 660 2060 praeeunte
683 1992 952 2041 docebimus.

696 2106 744 2120 Μ

999 2107 1047 2118 nuo

318 2201 426 2235 Anno
443 2208 525 2236 ante
544 2201 587 2237 C.
603 2213 722 2245 xxm;
749 2203 796 2238 U.
820 2203 864 2238 C.
882 2213 1064 2247 nccxxxu
1082 2203 1203 2239 Ovidii
1226 2214 1273 2239 xx
1295 2213 1331 2241 et
1351 2215 1423 2239 xx1.

172 2295 214 2332 C.
234 2295 449 2332 CAESARE
467 2295 711 2332 AUGUSTO
729 2297 804 2342 XI,
828 2297 905 2334 CN.
931 2297 1230 2335 CALPURNIO
1251 2297 1435 2334 PISONE
1459 2297 1595 2333 Coss.

235 2393 272 2439 Ι.
306 2393 528 2440 NONDUM
552 2391 607 2439 ab
643 2391 827 2440 eruditis
850 2392 1079 2442 definitum
1111 2394 1364 2451 observavi,
1399 2393 1497 2459 quis
1527 2392 1602 2440 ille

171 2469 303 2526 fuer-it
333 2471 606 2524 trimnviratus
622 2509 633 2526 ‚
670 2489 761 2537 quo
783 2490 829 2520 se
851 2472 1051 2522 functum
1076 2473 1181 2522 olim
1205 2491 1298 2521 esse
1335 2471 1469 2522 tradit
1492 2473 1600 2521 Ovi-

179 2546 304 2605 dius,
330 2565 459 2597 versu
478 2547 567 2612 jam
589 2547 724 2596 citato
745 2567 754 2595 ι

394 2646 496 2692 Eque
514 2650 598 2683 vitis
616 2646 794 2693 quondam
811 2660 889 2692 pars
906 2650 1009 2683 tribus
1025 2660 1096 2683 una
1112 2648 1174 2683 sui.

224 2743 234 2762 ¹
262 2740 354 2776 Vide
371 2754 444 2787 sup.
463 2754 517 2776 an.
535 2742 582 2777 U.
598 2741 639 2777 C.
660 2753 787 2780 nccxt.
811 2756 845 2777 n.
861 2743 890 2778 3.
