1794 3100
247 246 334 290 238
698 248 750 290 P.
789 244 1024 291 OVIDII
1058 245 1236 289 VITA

250 340 458 403 gnomine
478 340 598 388 dicto
622 340 853 395 successit,
888 339 1002 387 idem
1029 350 1206 405 quoque
1228 357 1470 402 cognomen
1496 338 1674 388 adsum·-

249 417 308 465 sit
335 423 346 443 ¹
365 454 376 471 ,
404 417 525 483 quod
551 429 595 465 et
619 415 691 465 alii
712 428 862 483 postea
890 416 1101 464 continuo
1122 435 1228 464 usur
1260 426 1402 464 arunt.
1428 415 1520 464 Nec
1535 414 1670 474 alius,

249 508 378 558 quam
394 492 601 540 Tiberius
615 492 687 540 hic
702 491 888 554 intelligi
902 503 1061 558 potest,
1080 492 1225 557 siquid
1254 511 1296 539 m
1315 490 1502 539 Ovidius
1518 502 1670 558 postea

245 571 300 618 de
323 572 528 632 Augusto
555 579 830 619 antecessore
848 607 859 628 ‚
887 590 966 618 ceu
987 571 1072 635 jam
1098 570 1305 619 defuncto
1327 567 1370 618 et
1392 582 1666 628 consecrato,

244 646 465 714 loquitur,
489 667 600 696 vers.
632 647 769 695 105-1
786 665 867 704 ιο,
893 658 937 695 et
967 648 1175 714 127-134
1199 654 1231 695 ².
1259 709 1261 711 Ι

309 732 427 779 Hinc
450 751 585 798 porro
613 744 734 796 patet
761 770 771 789 ‚
806 732 1007 780 Flaccum
1038 729 1164 779 illum
1187 750 1277 779 non
1307 742 1405 780 esse'
1424 731 1669 780 Norbanum

244 826 317 856 an.
344 811 401 856 U.
429 810 477 857 C.
506 819 749 858 DCCLXVIH
775 808 1024 866 consulem,
1052 827 1187 874 quum
1210 809 1390 856 Tacitus
1415 820 1599 857 testetur
1622 807 1637 833 ³
1654 845 1666 865 ‚

242 886 470 935 Tiberium
496 907 545 935 eo
564 908 678 936 anno
689 889 866 954 primum
886 887 1062 935 comitia
1085 885 1331 934 consularia
1355 887 1573 934 habuisse.
1593 886 1672 934 Id-

244 965 361 1013 circo
386 966 505 1013 haud
527 979 627 1015 ante
649 966 831 1014 Flaccus
863 984 911 1013 ac
942 965 1170 1012 Graecinus
1201 975 1445 1030 potuerunt
1469 963 1671 1013 consules¹

242 1063 267 1091 a
291 1044 473 1091 Tiberio
499 1043 723 1106 designari
745 1065 754 1091 ε
774 1062 853 1091 nec
877 1043 1006 1090 etiam
1032 1042 1181 1107 potuit
1205 1042 1295 1089 haec
1318 1043 1507 1090 Nasonis
1537 1041 1669 1108 Epis-

245 1119 336 1166 tola
350 1157 361 1177 ‚
388 1138 518 1184 quam
541 1137 785 1175 versamus,
805 1129 904 1166 ante
928 1117 1075 1165 eadem
1098 1117 1271 1164 comitia
1290 1117 1576 1183 eumdemque
1594 1133 1670 1166 an-

242 1214 349 1245 num
375 1196 523 1244 scribi.
550 1195 680 1244 Unde
712 1214 807 1262 quae
833 1195 1034 1261 superius
1061 1194 1250 1242 diximus
1268 1194 1376 1242 adeo
1405 1193 1545 1242 valide
1569 1213 1670 1242 con-

241 1273 484 1330 firmantur,
500 1284 552 1321 ut
563 1272 734 1321 nullum
749 1272 940 1338 supersit
953 1272 1151 1329 dubium,
1174 1272 1282 1341 quin
1300 1272 1447 1320 eadem
1462 1271 1665 1338 Epistola

242 1352 329 1400 hoc
355 1370 468 1399 anno
495 1363 700 1399 DCCLXIX
714 1388 726 1408 ,
753 1362 795 1397 et
815 1349 992 1415 quidem
1011 1348 1144 1415 paulo
1162 1359 1261 1397 ante
1285 1349 1488 1398 kalendas
1507 1346 1667 1397 MAIAS

245 1431 329 1492 (ex
355 1428 496 1494 lapide
523 1447 620 1494 sup.
648 1447 747 1494 pag.
768 1427 952 1493 praeced.
976 1425 1210 1493 prolato),
1239 1426 1428 1474 Graecino
1448 1426 1667 1491 jamcon-

243 1504 327 1553 suli
352 1504 603 1566 designat0‚
630 1516 673 1551 et
691 1521 795 1551 mox
815 1503 1118 1566 magistratum
1131 1501 1298 1550 inituro
1316 1502 1368 1550 ad
1392 1501 1496 1549 anni
1518 1501 1665 1550 forsan

243 1600 384 1648 usque
408 1581 569 1629 exitum
585 1618 596 1638 ‚
623 1579 755 1628 missa
775 1580 921 1628 fuerit.

307 1667 390 1712 III.
415 1664 641 1712 Addamus
674 1675 717 1711 et
744 1662 911 1711 ibidem
942 1663 1153 1710 Ovidium
1192 1662 1370 1718 docere,
1395 1660 1665 1728 Pomponium

242 1743 444 1791 Flaccum
469 1741 603 1808 paulo
626 1753 727 1789 ante
747 1742 834 1789 hoc
862 1753 1037 1807 tempus
1070 1741 1225 1811 llffysia‘
1258 1738 1274 1770 ⁴
1309 1739 1533 1806 Pontoque
1554 1758 1666 1806 prae-

239 1820 401 1868 fectum
416 1819 573 1875 fuisse,
595 1817 723 1867 titulo
740 1817 923 1884 proinde
946 1818 1071 1883 legati
1082 1817 1348 1882 propraetoris
1363 1856 1372 1871 ,
1404 1836 1539 1882 quum
1551 1836 1663 1865 non-

240 1898 344 1946 dum
382 1897 537 1946 consul
571 1897 748 1953 fuisset;
776 1909 906 1963 atque
931 1915 1000 1944 res
1022 1896 1155 1943 armis
1179 1894 1382 1961 praeclare
1413 1895 1458 1942 in
1489 1895 1562 1944 illa
1595 1913 1663 1955 re·

240 1977 368 2040 gione
393 1977 590 2039 gessisse.
616 1975 756 2024 Addit
782 1975 923 2032 enim,
949 1993 1060 2022 vers.
1090 1973 1239 2039 75-80
1263 1993 1271 2021 :

283 2109 294 2127 ¹
321 2107 416 2141 Hinc
431 2114 466 2142 et
479 2106 536 2141 lib.
554 2107 622 2149 IV,
642 2106 707 2151 Ep.
724 2117 795 2141 x111
809 2133 818 2150 ,
836 2104 987 2145 ,Ovidius
1006 2105 1042 2140 id
1061 2105 1204 2140 Tiberio
1229 2105 1368 2150 tribuit,
1394 2119 1482 2142 vers.
1508 2110 1549 2142 25
1563 2121 1572 2143 :
1588 2107 1661 2142 vid.

239 2175 314 2207 sup.
331 2175 405 2207 pag.
423 2163 497 2196 232.

283 2225 298 2242 ²
323 2222 374 2256 Ex
391 2223 516 2267 quibus
531 2222 758 2258 manifestum
780 2230 831 2257 est
844 2249 854 2265 ,
882 2235 1023 2257 carmen
1041 2223 1144 2266 illud,
1163 2223 1232 2267 jam
1256 2224 1410 2267 Augusto
1427 2222 1494 2258 vita
1517 2224 1660 2267 functo,

240 2290 280 2311 ac
296 2277 388 2311 inter
402 2277 516 2312 sIdera
530 2277 642 2312 locato
657 2304 666 2320 ,
684 2284 862 2312 exaratum
878 2276 994 2311 fuisse.
1010 2277 1063 2311 Ut
1078 2278 1206 2312 merito
1222 2276 1346 2311 exinde
1357 2277 1397 2312 cl.
1409 2278 1512 2312 Joan.
1531 2279 1669 2321 Vzgvnoli

240 2333 384 2367 miratus
408 2334 474 2376 sit,
498 2333 574 2367 viro
599 2333 796 2368 doctissimo
823 2335 900 2368 Ger.
926 2322 1048 2367 Vossfo
1062 2333 1173 2367 visum
1200 2346 1290 2375 esse„
1319 2339 1354 2366 et
1378 2332 1518 2377 quidem
1537 2346 1577 2367 ex
1596 2333 1661 2368 hoc

240 2394 400 2432 poemate
415 2414 424 2430 ,
445 2387 593 2433 Augusti
613 2387 829 2433 Apotheosin
843 2414 852 2431 ,
872 2401 977 2433 quam
1003 2387 1152 2423 Ovidius
1177 2388 1214 2422 iu
1238 2387 1354 2422 exsilio
1371 2387 1522 2431 ‘cecinit‚
1547 2388 1661 2423 eidem

243 2441 390 2487 principi
409 2443 522 2477 adbuc
537 2443 668 2477 viventi
683 2443 846 2488 scriptam
865 2443 970 2478 fuisse
985 2457 993 2479 :
1008 2446 1049 2478 de
1061 2438 1184 2479 Colum.
1202 2445 1411 2484 Antan-Pii,
1430 2457 1504 2490 pag.
1519 2446 1573 2480 85.

282 2502 297 2523 ³
320 2503 447 2539 Annal.
465 2504 521 2539 lib.
542 2506 580 2549 1,
598 2518 670 2550 cap.
692 2506 745 2540 81.

284 2564 299 2587 ⁶
313 2563 448 2598 ⁴Mat-sia
472 2565 598 2600 dicitur
624 2566 746 2600 Tacito
759 2593 768 2609 ‚
787 2566 844 2601 lib.
861 2566 900 2609 I,
920 2579 991 2612 cap.
1016 2567 1059 2601 80
1074 2592 1084 2610 ‚
1107 2571 1172 2600 etc.
1196 2565 1247 2599 uti
1265 2572 1299 2599 et
1323 2564 1359 2599 in
1375 2565 1544 2610 lapidibus
1568 2566 1656 2610 apud

241 2617 438 2652 Gruterum
453 2621 563 2655 variis.
581 2622 644 2656 Illo
656 2648 665 2665 ,
684 2635 758 2667 pag.
777 2623 840 2664 453
851 2648 860 2665 ,
886 2623 937 2656 Τι’.
953 2624 1109 2657 Plautius
1121 2622 1286 2667 Syloanus
1302 2620 1500 2656 inscribitur
1518 2618 1655 2654 Claudii

241 2674 387 2711 Caesaris
405 2686 533 2711 LEGA'r.
554 2689 746 2712 PROPRAET.
771 2678 930 2713 Moesm.
955 2677 1125 2713 Nondum
1145 2676 1241 2711 enim
1272 2677 1308 2711 in
1334 2676 1418 2712 duas
1442 2676 1652 2721 provincias,

236 2732 451 2776 superiorem
469 2745 508 2768 ac
525 2732 728 2767 inferiorem
741 2758 750 2775 ,
773 2733 881 2768 divisa
898 2733 1014 2768 fuerat
1033 2735 1162 2768 Μανία.
