1794 3100
541 241 631 289 ΕΤ
658 238 1169 289 'PRAEFATIONES.
1479 245 1564 288 325

139 327 336 408 'Maiores
358 340 487 390 etiam
510 338 654 389 solum
676 349 855 406 poetam
884 339 1033 405 ipsum
1062 338 1302 406 sapientem
1326 356 1419 386 esse
1444 338 1570 387 adse-

139 433 337 476 fflerunt.
353 463 363 473 .
382 409 393 474 .¹
414 425 453 473 P
499 407 504 413 ⁸
529 443 552 473 e
569 422 730 487 igitur,
753 434 805 471 ut
822 412 993 490 coepisti
1008 460 1020 480 ,
1048 433 1111 486 et,
1134 432 1186 470 ut
1204 421 1337 478 facis,
1366 420 1421 469 ad
1444 438 1569 468 man-

134 496 355 558 suetiores
371 436 528 577 po&
538 507 760 555 interdum
772 506 926 555 redeas
949 527 959 555 :
980 505 1056 554 sed
1074 505 1121 553 in
1137 505 1370 572 praesentia
1384 504 1439 553 ad
1457 504 1570 552 Ovi-

142 588 265 640 diu'm
292 591 347 640 'de
376 590 628 648 Tristibus,
653 589 776 656 quod
798 608 912 656 opus
935 587 1303 651 elegantissimum
1329 586 1571 636 subsecivis

141 674 431 743 temporibus,
446 686 490 723 te
500 674 720 732 hortante,
735 672 1012 740 interpretati
1026 691 1191 721 sumus.
1212 671 1410 720 Labores
1423 682 1571 719 autem

139 769 320 807 nostros
355 761 436 806 t'uo
465 757 636 807 nomini
671 775 803 823 quam
836 751 1127 805 libentissime
1159 755 1379 813 dicamus,
1405 766 1457 803 ut
1480 753 1570 802 dia-

140 841 315 890 lectices
346 840 530 890 salebris
554 852 596 889 et
619 841 831 907 adspectu
862 839 1048 889 horrido
1080 838 1290 902 fatigatus
1308 876 1320 896 ,
1362 836 1570 904 quemad-

139 924 320 973 modum
343 923 417 972 alii
439 918 495 984 ad
518 923 653 990 pilam
675 943 742 980 se,
778 935 856 972 aut
884 923 938 971 ad
964 921 1155 971 calculos
1169 959 1180 980 ,
1207 933 1284 970 aut
1308 920 1363 969 ad
1387 932 1571 970 tesseras

142 1006 401 1064 conferunt3
426 1007 490 1055 sic
512 1019 561 1055 tu
576 1046 587 1066 ,
613 1019 822 1070 tanquam
844 1006 1047 1063 feriatus,
1075 1005 1132 1055 ad
1156 1024 1326 1054 carmen
1353 1017 1494 1072 poetae
1509 1003 1572 1052 le-

142 1089 335 1154 gendum
370 1089 541 1138 facilius
572 1090 761 1138 accedas.
797 1090 1000 1138 Invenies
1035 1100 1084 1138 tu
1117 1089 1294 1156 quidem
1318 1107 1431 1154 opus
1455 1087 1573 1136 varia

142 1171 468 1240 multiplicique
489 1172 698 1221 refertum
717 1171 919 1220 doctrina
931 1209 942 1227 ‚
966 1171 1146 1238 plenum
1163 1170 1410 1220 adfectibus
1427 1181 1471 1218 et
1488 1170 1572 1219 mi-

144 1265 372 1302 seratione.

673 1349 1054 1365 mmmm

144 1515 204 1562 R.
241 1513 569 1572 CIOFANI,
609 1514 1157 1574 SULMONENSIS,
1199 1516 1571 1565 PRAEFATIO

348 1667 400 1704 IN
421 1669 464 1704 P.
489 1666 649 1703 ovlml
671 1667 870 1703 NASONIS
893 1667 1061 1703 LIBROS
1083 1667 1147 1703 DE
1167 1667 1324 1703 PONTO
1343 1693 1355 1712 ,

271 1795 541 1840 CAESARI
581 1795 919 1838 RANALDO
961 1794 1422 1839 RADIANENSI.

213 1965 336 1976 .....
362 1929 542 1976 ACCIPE
563 1945 639 1975 eos
664 1927 816 1975 Ovidii
840 1927 981 1976 libros
996 1966 1007 1985 ,
1033 1947 1146 1994 quos
1178 1928 1232 1976 de
1254 1928 1403 1976 Ponto
1426 1947 1449 1976 a
1475 1927 1574 1977 loeo

146 2001 410 2078 adpellavit,
433 2031 458 2060 a
478 2030 547 2060 me
569 2023 765 2059 veterum
789 2011 1101 2078 exemplarium
1122 2030 1207 2078 ope
1228 2012 1482 2060 emendatos
1496 2050 1508 2070 ,
1534 2025 1580 2061 et

149 2094 535 2143 observationibus
556 2093 852 2143 illustratos...
870 2095 938 2143 De
954 2094 1118 2143 Ovidio
1133 2107 1278 2143 autem
1299 2095 1420 2162 ipso,
1439 2095 1578 2162 deque

150 2178 244 2243 ejus
268 2177 315 2224 in
329 2177 573 2244 pangendis
591 2178 859 2226 carminibus
876 2177 1107 2235 felicitate,
1135 2197 1232 2245 quae
1255 2178 1301 2225 in
1326 2197 1397 2236 eo,
1423 2190 1581 2229 natura

150 2277 298 2308 rerum
323 2259 519 2308 omnium
543 2260 750 2323 magistra
773 2260 983 2325 adjutrice
1000 2298 1011 2318 ,
1044 2260 1226 2310 mirifice
1261 2260 1400 2309 eluxit
1420 2300 1432 2319 ‚
1471 2261 1581 2327 quid

149 2341 223 2390 hic
242 2342 579 2391 comniemorem
596 2342 615 2390 Ρ
634 2341 742 2407 quid
760 2341 812 2390 de
833 2341 1038 2392 facilitate
1053 2381 1065 2400 ,
1092 2362 1178 2410 qua
1201 2343 1423 2411 quidquid
1439 2343 1581 2392 dicere

154 2425 363 2482 tentavit,
403 2422 592 2473 dilucide
610 2461 620 2481 ,
658 2442 768 2490 pure
786 2461 798 2481 ,
839 2436 989 2473 ornate
1030 2425 1298 2491 copioseque
1337 2425 1552 2491 expressit
1573 2464 1583 2484 ,

153 2505 421 2564 enuntiavit,
447 2519 491 2555 et
514 2526 603 2573 quo
630 2505 790 2563 voluit,
817 2505 1017 2556 inflexit?
1050 2507 1158 2573 quid
1182 2507 1235 2555 de
1257 2506 1484 2573 pathetico
1508 2527 1583 2571 ge—

154 2607 254 2638 nere
271 2627 283 2647 ,
308 2588 355 2636 in
383 2608 473 2655 quo
491 2589 690 2637 omnium
707 2575 892 2637 maxime
916 2588 1155 2637 excelluit?
1179 2589 1288 2656 quid
1309 2590 1363 2638 de
1387 2591 1557 2639 crebris
1573 2629 1583 2647 ‚

153 2671 318 2737 quibus
341 2690 450 2720 usus
467 2683 564 2730 est,
592 2671 822 2720 sententiis
838 2709 850 2729 ,
877 2691 987 2738 quas
1010 2690 1178 2721 summa
1200 2691 1302 2721 cum
1327 2672 1586 2722 dexteritate

154 2764 198 2801 et
232 2751 447 2817 elegantia
480 2753 747 2820 explicavit?
770 2754 868 2803 Hos
891 2772 992 2802 vero
1026 2752 1192 2813 libros,
1216 2753 1263 2802 in
1286 2754 1452 2821 quibus
1473 2754 1582 2802 nihil
