1794 3100
213 242 300 299 334
464 241 922 287 TESTIMONIA
954 242 1040 288 ET
1073 241 1370 286 JUDICIA

210 337 398 385 traheret
410 373 422 394 ‚
442 336 632 402 prodigii
647 336 804 393 instar,
822 335 916 384 ovis
931 347 974 384 et
990 334 1200 402 sulphure
1219 333 1493 383 lustrandum
1506 333 1622 381 exis-

211 414 354 471 timet;
369 425 420 462 ut
436 425 478 460 et
494 414 523 461 J
526 412 719 479 osephus
738 411 943 476 Scaliger.
961 412 1106 461 Julius
1126 420 1268 461 autem
1282 450 1294 471 ,
1312 413 1359 460 in
1373 411 1623 462 Rhetoricis

213 491 325 557 (qui
348 489 467 538 illius
489 488 593 536 libri
611 507 709 537 cum
733 487 827 537 aliis
843 509 929 537 non
946 490 1095 556 paucis
1114 490 1397 556 perierunt),
1418 501 1624 556 tanquam

214 566 469 616 absolutum
491 578 533 614 et
554 565 794 632 perfectum
816 567 937 614 omni
956 585 1006 614 ex
1028 579 1151 633 parte
1168 566 1412 634 exemplum
1427 566 1624 633 ‚scripta

215 644 308 709 ejus
343 643 633 711 proponebat.
667 645 819 710 Neque
848 655 1007 691 temere
1035 643 1115 692 alia
1152 644 1409 707 auctoritate
1431 662 1527 710 quae
1545 642 1626 690 do-

217 720 344 768 cebat
361 757 372 778 ‚
400 719 519 786 quod
543 738 634 767 non
656 719 786 768 semel
807 739 858 768 ex
881 719 1030 768 divino
1050 721 1141 785 ejus
1158 720 1239 768 viri
1253 719 1346 769 filio
1370 719 1519 768 audire
1534 738 1628 767 me-

218 797 351 854 mini,
378 796 545 862 ubique
569 796 866 845 confirmabat.
894 797 980 845 Sed
1002 808 1155 845 natura
1177 797 1270 861 ejus
1299 796 1405 854 viri,
1438 795 1626 852 candor,

218 874 494 936 ingenuitas,
529 874 759 930 velocitas,
796 893 891 940 quae
919 874 964 921 in
998 874 1323 922 narrationibus
1353 873 1631 940 potissimum

221 951 383 1010 elucet,
410 970 543 1018 supra
564 964 717 1000 votum
741 963 819 1001 est.
846 951 1099 1000 Proximum
1119 964 1190 1000 est
1211 970 1336 1014 ergo,
1363 963 1477 999 recte
1505 950 1558 998 de
1576 949 1632 998 iis

217 1026 422 1091 judicare.
449 1049 472 1069 »

286 1105 553 1161 ΒΑΒΤΗιυε,
573 1104 625 1152 ad
643 1105 816 1171 Papinii
832 1105 909 1153 lib.
930 1106 975 1153 II
989 1142 1002 1163 ‚
1022 1103 1126 1152 Silv.
1148 1117 1214 1163 iv,
1239 1122 1322 1170 19:
1347 1126 1370 1146 «
1395 1105 1507 1152 Rem
1527 1101 1633 1150 niti-

222 1180 412 1229 dissimis
434 1180 578 1230 verbis
594 1219 606 1240 ,
632 1194 674 1230 et
696 1181 826 1248 plane
842 1181 1040 1248 Calliope
1057 1181 1288 1230 cantatrice
1305 1180 1448 1243 dignis
1459 1218 1471 1240 ‚
1487 1190 1635 1228 narrat

222 1258 432 1317 Ovidius,
458 1261 638 1308 Metam.
662 1259 739 1308 lib.
763 1262 817 1308 V.
847 1283 869 1303 »

284 1334 356 1382 Ad
370 1334 446 1382 lib,
461 1336 528 1383 III
543 1373 555 1393 ,
581 1334 684 1383 Silv.
705 1348 763 1394 ΙΙ,
785 1334 846 1383 38
867 1356 877 1384 :
900 1358 923 1379 «
946 1335 1181 1399 Quomodo
1196 1334 1435 1382 Anthedon
1449 1334 1634 1381 formam

221 1411 462 1477 perdiderit
484 1411 614 1460 nimis
639 1411 857 1480 eleganter
878 1424 922 1460 et
943 1412 1113 1478 poetice
1137 1411 1346 1461 describit
1359 1409 1561 1460 Ovidius,
1586 1431 1608 1452 υ

288 1489 361 1538 Ad
377 1489 459 1538 lib.
479 1491 567 1547 ΙΙΙ,
584 1488 688 1538 Silv.
709 1503 775 1547 lv,
797 1491 858 1551 4ο
875 1501 916 1538 et
939 1491 994 1551 [41
1019 1510 1028 1538 ε
1053 1512 1076 1534 «
1094 1490 1286 1540 Narcissi
1304 1488 1498 1538 fabulam
1513 1506 1634 1555 paene

224 1566 338 1615 ultra
380 1566 621 1615 humanum
660 1566 884 1630 ingenium
916 1566 1097 1615 comiter
1135 1579 1179 1616 et
1216 1578 1395 1615 venuste
1427 1564 1636 1614 describit

227 1644 428 1693 Ovidius.
455 1667 477 1687 »
725 1659 731 1664 ’

287 1722 358 1770 Ad
381 1721 460 1770 lib.
487 1721 667 1769 ITheb.
701 1721 789 1769 150
813 1743 823 1770 :
849 1744 870 1764 «
890 1721 1035 1770 Nimia
1053 1722 1333 1788 properantia
1355 1740 1467 1788 saepe
1487 1732 1639 1787 peccat

227 1799 439 1858 Ovidius,
471 1818 598 1865 quern
627 1811 770 1847 tamen
793 1800 1054 1848 contestatio
1078 1799 1256 1866 propria
1279 1797 1637 1847 excusabiliorem

224 1879 347 1935 facit,
375 1878 428 1927 de
451 1897 580 1942 opere
603 1897 628 1925 a
645 1878 779 1926 busto
802 1878 920 1926 velut
938 1879 1128 1926 auctoris
1149 1890 1290 1944 rapto.
1315 1899 1339 1919 »

290 1957 405 2005 Ibid.
432 1975 542 2012 vers.
569 1974 662 2022 219
684 1976 694 2004 τ
717 1978 740 1999 «
768 1956 956 2005 Ovidius
979 1956 1355 2018 ingeniosissimus
1378 1964 1606 2021 poetarum
1624 1991 1635 2011 ,

226 2047 369 2083 tamen
389 2053 488 2082 raro
513 2033 801 2081 cautissimus.
829 2055 852 2075 >›
1011 2088 1014 2091 K

291 2111 362 2159 Ad
385 2110 463 2158 lib.
490 2112 559 2168 Il,
591 2127 651 2175 92
683 2129 693 2157 ε
731 2132 753 2152 «
780 2110 893 2158 Sane
915 2128 994 2172 ego
1018 2109 1241 2158 Valerium
1264 2109 1466 2157 Flaccum
1497 2110 1638 2172 Argo-

227 2186 398 2235 nautica
423 2185 685 2234 scribentem
721 2185 865 2248 legere
899 2185 1038 2244 malo,
1075 2205 1205 2252 quam
1233 2185 1300 2234 vel
1335 2185 1544 2234 Ovidium
1573 2184 1638 2233 vel

229 2263 485 2329 Papinium‚
511 2281 698 2328 quorum
728 2261 803 2309 ille
840 2274 1014 2311 tenuem
1047 2263 1270 2311 materiam
1291 2261 1465 2310 lascivia
1488 2261 1640 2327 utique

227 2338 462 2396 violasset,
497 2350 571 2386 aut
601 2338 930 2404 depudicasset‚
965 2340 1038 2387 bic
1070 2337 1438 2404 magniloquentia
1474 2338 1639 2386 contri-

228 2415 374 2464 visset.
396 2438 417 2457 »

295 2494 409 2541 Ibid.
447 2513 557 2543 vers.
591 2511 683 2540 212
709 2513 718 2541 ι
749 2517 770 2537 «
805 2496 944 2542 Famae
967 2494 1125 2543 domus
1155 2494 1491 2560 descriptionem
1516 2494 1641 2556 inge—

232 2570 520 2619 niosissimam
543 2572 751 2634 (Metam.
777 2570 855 2619 lib.
880 2572 1026 2636 XII),
1053 2590 1135 2637 qua
1159 2571 1396 2619 acutiorem
1417 2583 1461 2619 et
1482 2589 1640 2619 venus-

234 2647 390 2695 tiorem
413 2647 535 2696 nulla
560 2667 643 2715 ope
662 2649 860 2697 humanae
883 2650 1042 2697 mentis
1066 2649 1387 2711 excogitaveris.
1417 2672 1438 2692 »

297 2725 409 2773 Ibid.
433 2744 543 2774 vers.
578 2743 663 2790 172
691 2747 699 2774 :
729 2749 750 2768 α
781 2726 896 2774 Mira
920 2726 1128 2775 suavitate
1151 2738 1194 2774 et
1218 2726 1434 2775 celeritate
1452 2725 1642 2773 inimita—
