<?xml version="1.0" encoding="UTF-8"?>
<!DOCTYPE html PUBLIC "-//W3C//DTD XHTML 1.0 Transitional//EN"
    "http://www.w3.org/TR/xhtml1/DTD/xhtml1-transitional.dtd">
<html xmlns="http://www.w3.org/1999/xhtml" xml:lang="en" lang="en">
 <head>
  <title>
</title>
<meta http-equiv="Content-Type" content="text/html;charset=utf-8" />
  <meta name='ocr-system' content='tesseract 3.04.00' />
  <meta name='ocr-capabilities' content='ocr_page ocr_carea ocr_par ocr_line ocrx_word'/>
</head>
<body>
  <div class='ocr_page' id='page_1' title='image "./quaeextantomniao08oviduoft_0256.png"; bbox 0 0 1794 3100; ppageno 0'>
   <div class='ocr_carea' id='block_1_1' title="bbox 239 217 1504 272">
    <p class='ocr_par' dir='ltr' id='par_1_1' title="bbox 239 217 1504 272">
     <span class='ocr_line' id='line_1_1' title="bbox 239 217 1504 272; baseline 0.005 -13"><span class='ocrx_word' id='word_1_1' title='bbox 239 217 327 272; x_wconf 73' lang='lat'>246</span> <span class='ocrx_word' id='word_1_2' title='bbox 389 220 438 259; x_wconf 90' lang='lat' dir='ltr'>P.</span> <span class='ocrx_word' id='word_1_3' title='bbox 486 218 724 261; x_wconf 86' lang='lat' dir='ltr'>OVIDII</span> <span class='ocrx_word' id='word_1_4' title='bbox 770 219 937 262; x_wconf 89' lang='lat' dir='ltr'><strong>VITA</strong></span> <span class='ocrx_word' id='word_1_5' title='bbox 964 219 1087 262; x_wconf 85' lang='lat' dir='ltr'>PER</span> <span class='ocrx_word' id='word_1_6' title='bbox 1119 221 1161 263; x_wconf 85' lang='lat' dir='ltr'>J.</span> <span class='ocrx_word' id='word_1_7' title='bbox 1199 218 1504 264; x_wconf 86' lang='lat' dir='ltr'><strong>MASSON.</strong></span> 
     </span>
    </p>
   </div>
   <div class='ocr_carea' id='block_1_2' title="bbox 235 307 1658 2137">
    <p class='ocr_par' dir='ltr' id='par_1_2' title="bbox 235 307 1658 2137">
     <span class='ocr_line' id='line_1_2' title="bbox 235 307 1650 378; baseline 0.003 -21"><span class='ocrx_word' id='word_1_8' title='bbox 235 310 326 357; x_wconf 87' lang='lat' dir='ltr'>Nec</span> <span class='ocrx_word' id='word_1_9' title='bbox 351 321 464 357; x_wconf 87' lang='lat' dir='ltr'>certe</span> <span class='ocrx_word' id='word_1_10' title='bbox 488 307 718 376; x_wconf 88' lang='lat' dir='ltr'>quicquam</span> <span class='ocrx_word' id='word_1_11' title='bbox 742 311 788 358; x_wconf 90' lang='lat' dir='ltr'>in</span> <span class='ocrx_word' id='word_1_12' title='bbox 811 311 999 359; x_wconf 87' lang='lat' dir='ltr'>Nasonis</span> <span class='ocrx_word' id='word_1_13' title='bbox 1032 311 1240 377; x_wconf 85' lang='lat' dir='ltr'>operibus</span> <span class='ocrx_word' id='word_1_14' title='bbox 1276 312 1494 369; x_wconf 85' lang='lat' dir='ltr'>occurrit,</span> <span class='ocrx_word' id='word_1_15' title='bbox 1529 311 1650 378; x_wconf 83' lang='lat' dir='ltr'>quod</span> 
     </span>
     <span class='ocr_line' id='line_1_3' title="bbox 236 385 1649 453; baseline 0.001 -20"><span class='ocrx_word' id='word_1_16' title='bbox 236 405 320 434; x_wconf 91' lang='lat' dir='ltr'>nos</span> <span class='ocrx_word' id='word_1_17' title='bbox 337 386 391 434; x_wconf 82' lang='lat' dir='ltr'>ad</span> <span class='ocrx_word' id='word_1_18' title='bbox 408 386 500 450; x_wconf 86' lang='lat' dir='ltr'>ejus</span> <span class='ocrx_word' id='word_1_19' title='bbox 515 386 646 433; x_wconf 89' lang='lat' dir='ltr'>vitam</span> <span class='ocrx_word' id='word_1_20' title='bbox 665 385 847 434; x_wconf 88' lang='lat' dir='ltr'>ulterius</span> <span class='ocrx_word' id='word_1_21' title='bbox 861 387 1196 453; x_wconf 86' lang='lat' dir='ltr'><strong>promovendam</strong></span> <span class='ocrx_word' id='word_1_22' title='bbox 1217 398 1362 450; x_wconf 81' lang='lat' dir='ltr'>cogat.</span> <span class='ocrx_word' id='word_1_23' title='bbox 1381 388 1523 435; x_wconf 89' lang='lat' dir='ltr'>Immo</span> <span class='ocrx_word' id='word_1_24' title='bbox 1541 399 1649 436; x_wconf 89' lang='lat' dir='ltr'>tem-</span> 
     </span>
     <span class='ocr_line' id='line_1_4' title="bbox 236 462 1650 528; baseline 0.003 -18"><span class='ocrx_word' id='word_1_25' title='bbox 236 481 395 528; x_wconf 87' lang='lat' dir='ltr'>porum</span> <span class='ocrx_word' id='word_1_26' title='bbox 409 463 547 524; x_wconf 84' lang='lat' dir='ltr'>signa,</span> <span class='ocrx_word' id='word_1_27' title='bbox 566 463 767 528; x_wconf 90' lang='lat' dir='ltr'>superius</span> <span class='ocrx_word' id='word_1_28' title='bbox 786 462 939 512; x_wconf 85' lang='lat' dir='ltr'>exinde</span> <span class='ocrx_word' id='word_1_29' title='bbox 957 464 1164 522; x_wconf 90' lang='lat' dir='ltr'>discussa,</span> <span class='ocrx_word' id='word_1_30' title='bbox 1183 465 1268 513; x_wconf 91' lang='lat' dir='ltr'>huc</span> <span class='ocrx_word' id='word_1_31' title='bbox 1285 476 1453 514; x_wconf 85' lang='lat' dir='ltr'>tantum</span> <span class='ocrx_word' id='word_1_32' title='bbox 1465 484 1548 513; x_wconf 87' lang='lat' dir='ltr'>nos</span> <span class='ocrx_word' id='word_1_33' title='bbox 1566 464 1650 514; x_wconf 88' lang='lat' dir='ltr'>du-</span> 
     </span>
     <span class='ocr_line' id='line_1_5' title="bbox 235 540 1651 608; baseline 0.001 -20"><span class='ocrx_word' id='word_1_34' title='bbox 235 553 363 598; x_wconf 89' lang='lat' dir='ltr'>cunt,</span> <span class='ocrx_word' id='word_1_35' title='bbox 391 542 549 607; x_wconf 85' lang='lat' dir='ltr'><strong>hicque</strong></span> <span class='ocrx_word' id='word_1_36' title='bbox 574 561 758 607; x_wconf 86' lang='lat' dir='ltr'>prorsus</span> <span class='ocrx_word' id='word_1_37' title='bbox 782 540 999 589; x_wconf 85' lang='lat' dir='ltr'>deficiunt.</span> <span class='ocrx_word' id='word_1_38' title='bbox 1036 544 1099 590; x_wconf 88' lang='lat' dir='ltr'>Ut</span> <span class='ocrx_word' id='word_1_39' title='bbox 1127 543 1297 590; x_wconf 88' lang='lat' dir='ltr'>ratione</span> <span class='ocrx_word' id='word_1_40' title='bbox 1330 554 1527 608; x_wconf 88' lang='lat' dir='ltr'>testeque</span> <span class='ocrx_word' id='word_1_41' title='bbox 1556 561 1651 590; x_wconf 90' lang='lat' dir='ltr'>om-</span> 
     </span>
     <span class='ocr_line' id='line_1_6' title="bbox 235 620 1651 686; baseline 0.001 -18"><span class='ocrx_word' id='word_1_42' title='bbox 235 621 341 668; x_wconf 91' lang='lat' dir='ltr'>nino</span> <span class='ocrx_word' id='word_1_43' title='bbox 375 628 516 668; x_wconf 88' lang='lat' dir='ltr'>careat</span> <span class='ocrx_word' id='word_1_44' title='bbox 535 658 546 677; x_wconf 92' lang='lat'>,</span> <span class='ocrx_word' id='word_1_45' title='bbox 582 620 702 686; x_wconf 91' lang='lat' dir='ltr'>quod</span> <span class='ocrx_word' id='word_1_46' title='bbox 737 620 850 668; x_wconf 89' lang='lat' dir='ltr'>idem</span> <span class='ocrx_word' id='word_1_47' title='bbox 891 620 1110 669; x_wconf 75' lang='lat' dir='ltr'>Zamosc&#39;us</span> <span class='ocrx_word' id='word_1_48' title='bbox 1144 627 1154 647; x_wconf 92' lang='lat'>¹</span> <span class='ocrx_word' id='word_1_49' title='bbox 1187 621 1321 669; x_wconf 81' lang='lat' dir='ltr'>habet</span> <span class='ocrx_word' id='word_1_50' title='bbox 1351 641 1360 668; x_wconf 92' lang='lat'>:</span> <span class='ocrx_word' id='word_1_51' title='bbox 1399 643 1421 663; x_wconf 89' lang='lat'>«</span> <span class='ocrx_word' id='word_1_52' title='bbox 1442 621 1651 670; x_wconf 84' lang='lat' dir='ltr'><strong>Mortuus</strong></span> 
     </span>
     <span class='ocr_line' id='line_1_7' title="bbox 240 694 1652 762; baseline -0.001 -17"><span class='ocrx_word' id='word_1_53' title='bbox 240 719 263 739; x_wconf 81' lang='lat'>»</span> <span class='ocrx_word' id='word_1_54' title='bbox 293 697 545 758; x_wconf 86' lang='lat' dir='ltr'>(Ovidius)</span> <span class='ocrx_word' id='word_1_55' title='bbox 571 716 662 745; x_wconf 85' lang='lat' dir='ltr'>esse</span> <span class='ocrx_word' id='word_1_56' title='bbox 685 697 824 745; x_wconf 86' lang='lat' dir='ltr'>fertur</span> <span class='ocrx_word' id='word_1_57' title='bbox 846 697 1166 760; x_wconf 86' lang='lat' dir='ltr'>ingravescente</span> <span class='ocrx_word' id='word_1_58' title='bbox 1188 694 1273 762; x_wconf 82' lang='lat' dir='ltr'>jam</span> <span class='ocrx_word' id='word_1_59' title='bbox 1297 709 1441 755; x_wconf 81' lang='lat' dir='ltr'>aetate,</span> <span class='ocrx_word' id='word_1_60' title='bbox 1476 717 1592 751; x_wconf 85' lang='lat' dir='ltr'>anno</span> <span class='ocrx_word' id='word_1_61' title='bbox 1619 710 1652 743; x_wconf 86' lang='lat' dir='ltr'>v</span> 
     </span>
     <span class='ocr_line' id='line_1_8' title="bbox 240 771 1650 831; baseline 0.002 -11"><span class='ocrx_word' id='word_1_62' title='bbox 240 795 264 815; x_wconf 76' lang='lat'>³&gt;</span> <span class='ocrx_word' id='word_1_63' title='bbox 293 773 474 830; x_wconf 84' lang='lat' dir='ltr'>Tiberii,</span> <span class='ocrx_word' id='word_1_64' title='bbox 489 773 686 821; x_wconf 77' lang='lat' dir='ltr'>kalendis</span> <span class='ocrx_word' id='word_1_65' title='bbox 698 775 726 821; x_wconf 86' lang='lat' dir='ltr'><strong>J</strong></span> <span class='ocrx_word' id='word_1_66' title='bbox 729 771 907 831; x_wconf 81' lang='lat' dir='ltr'>aunarii,</span> <span class='ocrx_word' id='word_1_67' title='bbox 925 793 1039 821; x_wconf 89' lang='lat' dir='ltr'>anno</span> <span class='ocrx_word' id='word_1_68' title='bbox 1053 774 1106 821; x_wconf 94' lang='lat' dir='ltr'>ab</span> <span class='ocrx_word' id='word_1_69' title='bbox 1120 775 1229 822; x_wconf 91' lang='lat' dir='ltr'>urbe</span> <span class='ocrx_word' id='word_1_70' title='bbox 1243 774 1415 822; x_wconf 85' lang='lat' dir='ltr'>condita</span> <span class='ocrx_word' id='word_1_71' title='bbox 1435 786 1650 831; x_wconf 82' lang='lat' dir='ltr'>DCCLXXI,</span> 
     </span>
     <span class='ocr_line' id='line_1_9' title="bbox 240 849 1654 916; baseline 0.001 -20"><span class='ocrx_word' id='word_1_72' title='bbox 240 871 265 892; x_wconf 68' lang='grc' dir='ltr'>υ</span> <span class='ocrx_word' id='word_1_73' title='bbox 295 869 428 914; x_wconf 88' lang='lat' dir='ltr'>quum</span> <span class='ocrx_word' id='word_1_74' title='bbox 453 861 644 897; x_wconf 86' lang='lat' dir='ltr'>servator</span> <span class='ocrx_word' id='word_1_75' title='bbox 666 849 871 898; x_wconf 87' lang='lat' dir='ltr'>Christus</span> <span class='ocrx_word' id='word_1_76' title='bbox 893 861 1006 897; x_wconf 88' lang='lat' dir='ltr'>esset</span> <span class='ocrx_word' id='word_1_77' title='bbox 1023 868 1163 897; x_wconf 92' lang='lat' dir='ltr'>annos</span> <span class='ocrx_word' id='word_1_78' title='bbox 1182 861 1311 898; x_wconf 87' lang='lat' dir='ltr'>natus</span> <span class='ocrx_word' id='word_1_79' title='bbox 1336 862 1433 898; x_wconf 79' lang='lat' dir='ltr'>XXI.</span> <span class='ocrx_word' id='word_1_80' title='bbox 1458 872 1480 891; x_wconf 90' lang='lat'>»</span> <span class='ocrx_word' id='word_1_81' title='bbox 1501 851 1654 916; x_wconf 80' lang='lat' dir='ltr'>Neque</span> 
     </span>
     <span class='ocr_line' id='line_1_10' title="bbox 240 920 1652 992; baseline -0.001 -17"><span class='ocrx_word' id='word_1_82' title='bbox 240 945 340 976; x_wconf 85' lang='lat' dir='ltr'>sane</span> <span class='ocrx_word' id='word_1_83' title='bbox 363 940 394 973; x_wconf 89' lang='lat' dir='ltr'>V</span> <span class='ocrx_word' id='word_1_84' title='bbox 418 927 586 974; x_wconf 88' lang='lat' dir='ltr'>Tiberii</span> <span class='ocrx_word' id='word_1_85' title='bbox 610 945 751 975; x_wconf 88' lang='lat' dir='ltr'>annus</span> <span class='ocrx_word' id='word_1_86' title='bbox 773 927 924 992; x_wconf 86' lang='lat' dir='ltr'>coepit,</span> <span class='ocrx_word' id='word_1_87' title='bbox 954 920 1043 974; x_wconf 87' lang='lat' dir='ltr'>nisi</span> <span class='ocrx_word' id='word_1_88' title='bbox 1067 926 1134 973; x_wconf 86' lang='lat' dir='ltr'>die</span> <span class='ocrx_word' id='word_1_89' title='bbox 1156 926 1314 974; x_wconf 90' lang='lat' dir='ltr'>mensis</span> <span class='ocrx_word' id='word_1_90' title='bbox 1337 925 1514 974; x_wconf 87' lang='lat' dir='ltr'>Sextilis</span> <span class='ocrx_word' id='word_1_91' title='bbox 1544 939 1652 983; x_wconf 80' lang='lat' dir='ltr'>XIX,</span> 
     </span>
     <span class='ocr_line' id='line_1_11' title="bbox 240 1001 1653 1068; baseline 0 -20"><span class='ocrx_word' id='word_1_92' title='bbox 240 1001 342 1049; x_wconf 88' lang='lat' dir='ltr'>anni</span> <span class='ocrx_word' id='word_1_93' title='bbox 366 1003 418 1049; x_wconf 93' lang='lat' dir='ltr'>U.</span> <span class='ocrx_word' id='word_1_94' title='bbox 444 1003 492 1049; x_wconf 93' lang='lat' dir='ltr'>C.</span> <span class='ocrx_word' id='word_1_95' title='bbox 525 1014 707 1050; x_wconf 81' lang='lat' dir='ltr'>DCCLXX</span> <span class='ocrx_word' id='word_1_96' title='bbox 737 1001 1007 1068; x_wconf 88' lang='lat' dir='ltr'>Capitolini,</span> <span class='ocrx_word' id='word_1_97' title='bbox 1038 1020 1114 1049; x_wconf 89' lang='lat' dir='ltr'>seu</span> <span class='ocrx_word' id='word_1_98' title='bbox 1137 1013 1339 1050; x_wconf 85' lang='lat' dir='ltr'>DCCLXXI</span> <span class='ocrx_word' id='word_1_99' title='bbox 1363 1001 1653 1059; x_wconf 86' lang='lat' dir='ltr'>Varroniani,</span> 
     </span>
     <span class='ocr_line' id='line_1_12' title="bbox 239 1077 1652 1144; baseline 0 -18"><span class='ocrx_word' id='word_1_100' title='bbox 239 1097 429 1144; x_wconf 88' lang='lat' dir='ltr'>quocum</span> <span class='ocrx_word' id='word_1_101' title='bbox 450 1079 652 1127; x_wconf 86' lang='lat' dir='ltr'>currebat</span> <span class='ocrx_word' id='word_1_102' title='bbox 670 1099 809 1128; x_wconf 87' lang='lat' dir='ltr'>annus</span> <span class='ocrx_word' id='word_1_103' title='bbox 827 1098 919 1127; x_wconf 87' lang='lat' dir='ltr'>aerae</span> <span class='ocrx_word' id='word_1_104' title='bbox 942 1077 1133 1142; x_wconf 86' lang='lat' dir='ltr'>vulgaris</span> <span class='ocrx_word' id='word_1_105' title='bbox 1148 1079 1236 1127; x_wconf 86' lang='lat' dir='ltr'>sive</span> <span class='ocrx_word' id='word_1_106' title='bbox 1256 1079 1500 1128; x_wconf 82' lang='lat' dir='ltr'>christianae</span> <span class='ocrx_word' id='word_1_107' title='bbox 1518 1092 1652 1128; x_wconf 85' lang='lat' dir='ltr'>xvm.</span> 
     </span>
     <span class='ocr_line' id='line_1_13' title="bbox 236 1154 1651 1222; baseline 0.002 -21"><span class='ocrx_word' id='word_1_108' title='bbox 236 1154 406 1202; x_wconf 89' lang='lat' dir='ltr'><strong>Idcirco</strong></span> <span class='ocrx_word' id='word_1_109' title='bbox 431 1155 655 1203; x_wconf 87' lang='lat' dir='ltr'>Zamosius</span> <span class='ocrx_word' id='word_1_110' title='bbox 678 1156 937 1222; x_wconf 86' lang='lat' dir='ltr'>scripserat,</span> <span class='ocrx_word' id='word_1_111' title='bbox 971 1155 1038 1203; x_wconf 89' lang='lat' dir='ltr'>vel</span> <span class='ocrx_word' id='word_1_112' title='bbox 1066 1155 1219 1204; x_wconf 83' lang='lat' dir='ltr'>saltem</span> <span class='ocrx_word' id='word_1_113' title='bbox 1247 1156 1437 1204; x_wconf 87' lang='lat' dir='ltr'>scribere</span> <span class='ocrx_word' id='word_1_114' title='bbox 1474 1155 1651 1213; x_wconf 82' lang='lat' dir='ltr'>debuit,</span> 
     </span>
     <span class='ocr_line' id='line_1_14' title="bbox 240 1231 1654 1291; baseline 0.002 -13"><span class='ocrx_word' id='word_1_115' title='bbox 240 1231 469 1279; x_wconf 86' lang='lat' dir='ltr'>Christum</span> <span class='ocrx_word' id='word_1_116' title='bbox 493 1245 596 1288; x_wconf 78' lang='lat' dir='ltr'>xlx,</span> <span class='ocrx_word' id='word_1_117' title='bbox 623 1251 712 1280; x_wconf 92' lang='lat' dir='ltr'>non</span> <span class='ocrx_word' id='word_1_118' title='bbox 734 1251 835 1280; x_wconf 88' lang='lat' dir='ltr'>vero</span> <span class='ocrx_word' id='word_1_119' title='bbox 856 1246 938 1280; x_wconf 82' lang='lat' dir='ltr'>XXI</span> <span class='ocrx_word' id='word_1_120' title='bbox 962 1252 1100 1281; x_wconf 88' lang='lat' dir='ltr'>annos</span> <span class='ocrx_word' id='word_1_121' title='bbox 1131 1246 1282 1282; x_wconf 88' lang='lat' dir='ltr'>natum</span> <span class='ocrx_word' id='word_1_122' title='bbox 1306 1233 1459 1291; x_wconf 89' lang='lat' dir='ltr'>fuisse,</span> <span class='ocrx_word' id='word_1_123' title='bbox 1485 1233 1564 1281; x_wconf 89' lang='lat' dir='ltr'>illo</span> <span class='ocrx_word' id='word_1_124' title='bbox 1589 1233 1654 1281; x_wconf 85' lang='lat' dir='ltr'>la·-</span> 
     </span>
     <span class='ocr_line' id='line_1_15' title="bbox 239 1308 1654 1377; baseline 0.004 -22"><span class='ocrx_word' id='word_1_125' title='bbox 239 1308 371 1356; x_wconf 86' lang='lat' dir='ltr'>bente</span> <span class='ocrx_word' id='word_1_126' title='bbox 391 1328 507 1356; x_wconf 86' lang='lat' dir='ltr'>anno</span> <span class='ocrx_word' id='word_1_127' title='bbox 523 1311 577 1356; x_wconf 93' lang='lat' dir='ltr'>U.</span> <span class='ocrx_word' id='word_1_128' title='bbox 596 1311 644 1357; x_wconf 85' lang='lat' dir='ltr'>C.</span> <span class='ocrx_word' id='word_1_129' title='bbox 661 1322 885 1367; x_wconf 77' lang='lat' dir='ltr'>DCCLXXI,</span> <span class='ocrx_word' id='word_1_130' title='bbox 908 1310 1160 1376; x_wconf 87' lang='lat' dir='ltr'>Capitolino</span> <span class='ocrx_word' id='word_1_131' title='bbox 1180 1321 1352 1377; x_wconf 79' lang='lat' dir='ltr'>nempe,</span> <span class='ocrx_word' id='word_1_132' title='bbox 1367 1329 1415 1358; x_wconf 89' lang='lat' dir='ltr'>ac</span> <span class='ocrx_word' id='word_1_133' title='bbox 1431 1323 1654 1360; x_wconf 78' lang='lat' dir='ltr'>DCCLxxu</span> 
     </span>
     <span class='ocr_line' id='line_1_16' title="bbox 241 1386 1656 1455; baseline 0.003 -23"><span class='ocrx_word' id='word_1_134' title='bbox 241 1386 514 1434; x_wconf 81' lang='lat' dir='ltr'>Varroniano</span> <span class='ocrx_word' id='word_1_135' title='bbox 527 1425 537 1444; x_wconf 92' lang='lat'>,</span> <span class='ocrx_word' id='word_1_136' title='bbox 556 1388 679 1451; x_wconf 89' lang='lat' dir='ltr'>cujus</span> <span class='ocrx_word' id='word_1_137' title='bbox 693 1388 877 1436; x_wconf 70' lang='lat' dir='ltr'>kahndis</span> <span class='ocrx_word' id='word_1_138' title='bbox 893 1389 1110 1437; x_wconf 76' lang='lat' dir='ltr'>Januariis</span> <span class='ocrx_word' id='word_1_139' title='bbox 1128 1401 1301 1455; x_wconf 86' lang='lat' dir='ltr'>poetam</span> <span class='ocrx_word' id='word_1_140' title='bbox 1315 1388 1499 1446; x_wconf 89' lang='lat' dir='ltr'>obiisse,</span> <span class='ocrx_word' id='word_1_141' title='bbox 1519 1388 1656 1452; x_wconf 88' lang='lat' dir='ltr'>gratis</span> 
     </span>
     <span class='ocr_line' id='line_1_17' title="bbox 242 1462 1656 1527; baseline 0.003 -18"><span class='ocrx_word' id='word_1_142' title='bbox 242 1462 508 1511; x_wconf 84' lang='lat' dir='ltr'>adfirmatur.</span> <span class='ocrx_word' id='word_1_143' title='bbox 536 1466 627 1512; x_wconf 85' lang='lat' dir='ltr'>Nec</span> <span class='ocrx_word' id='word_1_144' title='bbox 648 1464 807 1513; x_wconf 85' lang='lat' dir='ltr'>certior</span> <span class='ocrx_word' id='word_1_145' title='bbox 831 1477 896 1514; x_wconf 90' lang='lat' dir='ltr'>est</span> <span class='ocrx_word' id='word_1_146' title='bbox 927 1465 1017 1513; x_wconf 88' lang='lat' dir='ltr'>haec</span> <span class='ocrx_word' id='word_1_147' title='bbox 1044 1464 1210 1527; x_wconf 78' lang='lat' dir='ltr'>Ciojam&#39;</span> <span class='ocrx_word' id='word_1_148' title='bbox 1232 1465 1412 1513; x_wconf 85' lang='lat' dir='ltr'>assertio</span> <span class='ocrx_word' id='word_1_149' title='bbox 1445 1485 1454 1513; x_wconf 93' lang='lat'>:</span> <span class='ocrx_word' id='word_1_150' title='bbox 1484 1488 1506 1508; x_wconf 76' lang='grc' dir='ltr'>α</span> <span class='ocrx_word' id='word_1_151' title='bbox 1535 1465 1656 1513; x_wconf 81' lang='lat' dir='ltr'>Vixit</span> 
     </span>
     <span class='ocr_line' id='line_1_18' title="bbox 244 1539 1658 1602; baseline 0.003 -18"><span class='ocrx_word' id='word_1_152' title='bbox 244 1559 268 1580; x_wconf 88' lang='lat'>»</span> <span class='ocrx_word' id='word_1_153' title='bbox 293 1556 431 1587; x_wconf 87' lang='lat' dir='ltr'>annos</span> <span class='ocrx_word' id='word_1_154' title='bbox 454 1552 574 1596; x_wconf 84' lang='lat' dir='ltr'>LVII,</span> <span class='ocrx_word' id='word_1_155' title='bbox 599 1559 767 1588; x_wconf 88' lang='lat' dir='ltr'>menses</span> <span class='ocrx_word' id='word_1_156' title='bbox 791 1552 863 1598; x_wconf 85' lang='lat' dir='ltr'>IX,</span> <span class='ocrx_word' id='word_1_157' title='bbox 887 1541 978 1589; x_wconf 87' lang='lat' dir='ltr'>dies</span> <span class='ocrx_word' id='word_1_158' title='bbox 1000 1553 1062 1588; x_wconf 78' lang='lat' dir='ltr'>XI.</span> <span class='ocrx_word' id='word_1_159' title='bbox 1090 1542 1141 1588; x_wconf 93' lang='lat' dir='ltr'>In</span> <span class='ocrx_word' id='word_1_160' title='bbox 1163 1539 1315 1602; x_wconf 61' lang='lat' dir='ltr'>exsilio</span> <span class='ocrx_word' id='word_1_161' title='bbox 1337 1539 1496 1588; x_wconf 89' lang='lat' dir='ltr'>mansit</span> <span class='ocrx_word' id='word_1_162' title='bbox 1518 1559 1658 1588; x_wconf 90' lang='lat' dir='ltr'>annos</span> 
     </span>
     <span class='ocr_line' id='line_1_19' title="bbox 243 1615 1656 1682; baseline 0.003 -21"><span class='ocrx_word' id='word_1_163' title='bbox 243 1635 267 1656; x_wconf 83' lang='lat'>»</span> <span class='ocrx_word' id='word_1_164' title='bbox 296 1626 459 1679; x_wconf 84' lang='lat' dir='ltr'>septem</span> <span class='ocrx_word' id='word_1_165' title='bbox 474 1653 485 1672; x_wconf 93' lang='lat'>,</span> <span class='ocrx_word' id='word_1_166' title='bbox 509 1627 552 1663; x_wconf 90' lang='lat' dir='ltr'>et</span> <span class='ocrx_word' id='word_1_167' title='bbox 574 1615 665 1662; x_wconf 83' lang='lat' dir='ltr'>(lies</span> <span class='ocrx_word' id='word_1_168' title='bbox 689 1629 783 1663; x_wconf 79' lang='lat' dir='ltr'><strong>XXI.</strong></span> <span class='ocrx_word' id='word_1_169' title='bbox 811 1616 946 1664; x_wconf 89' lang='lat' dir='ltr'>Periit</span> <span class='ocrx_word' id='word_1_170' title='bbox 966 1616 1053 1665; x_wconf 91' lang='lat' dir='ltr'>kal.</span> <span class='ocrx_word' id='word_1_171' title='bbox 1077 1616 1299 1674; x_wconf 88' lang='lat' dir='ltr'>Januarii,</span> <span class='ocrx_word' id='word_1_172' title='bbox 1326 1635 1412 1682; x_wconf 84' lang='lat' dir='ltr'>qua</span> <span class='ocrx_word' id='word_1_173' title='bbox 1436 1617 1507 1664; x_wconf 81' lang='lat' dir='ltr'>die</span> <span class='ocrx_word' id='word_1_174' title='bbox 1527 1616 1656 1665; x_wconf 88' lang='lat' dir='ltr'>Titus</span> 
     </span>
     <span class='ocr_line' id='line_1_20' title="bbox 246 1692 1657 1756; baseline 0.004 -21"><span class='ocrx_word' id='word_1_175' title='bbox 246 1713 269 1734; x_wconf 83' lang='lat'>&gt;›</span> <span class='ocrx_word' id='word_1_176' title='bbox 300 1710 474 1756; x_wconf 89' lang='lat' dir='ltr'>quoque</span> <span class='ocrx_word' id='word_1_177' title='bbox 497 1692 644 1739; x_wconf 88' lang='lat' dir='ltr'>Livius</span> <span class='ocrx_word' id='word_1_178' title='bbox 670 1692 868 1741; x_wconf 88' lang='lat' dir='ltr'>decessit.</span> <span class='ocrx_word' id='word_1_179' title='bbox 906 1717 928 1736; x_wconf 87' lang='lat'>&gt;›</span> <span class='ocrx_word' id='word_1_180' title='bbox 970 1695 1136 1742; x_wconf 87' lang='lat' dir='ltr'>Omnes</span> <span class='ocrx_word' id='word_1_181' title='bbox 1158 1694 1272 1741; x_wconf 88' lang='lat' dir='ltr'>enim</span> <span class='ocrx_word' id='word_1_182' title='bbox 1294 1694 1339 1741; x_wconf 91' lang='lat' dir='ltr'>hi</span> <span class='ocrx_word' id='word_1_183' title='bbox 1362 1694 1531 1742; x_wconf 89' lang='lat' dir='ltr'>numeri</span> <span class='ocrx_word' id='word_1_184' title='bbox 1553 1705 1657 1742; x_wconf 91' lang='lat' dir='ltr'>sunt</span> 
     </span>
     <span class='ocr_line' id='line_1_21' title="bbox 245 1768 1656 1836; baseline 0.002 -21"><span class='ocrx_word' id='word_1_185' title='bbox 245 1769 443 1825; x_wconf 90' lang='lat' dir='ltr'>erronei,</span> <span class='ocrx_word' id='word_1_186' title='bbox 468 1768 681 1834; x_wconf 85' lang='lat' dir='ltr'>facileque</span> <span class='ocrx_word' id='word_1_187' title='bbox 704 1788 752 1816; x_wconf 89' lang='lat' dir='ltr'>ex</span> <span class='ocrx_word' id='word_1_188' title='bbox 777 1771 1081 1836; x_wconf 80' lang='lat' dir='ltr'>superioribus</span> <span class='ocrx_word' id='word_1_189' title='bbox 1104 1771 1336 1834; x_wconf 85' lang='lat' dir='ltr'>diligenter</span> <span class='ocrx_word' id='word_1_190' title='bbox 1358 1771 1564 1819; x_wconf 89' lang='lat' dir='ltr'>discussis</span> <span class='ocrx_word' id='word_1_191' title='bbox 1589 1771 1656 1818; x_wconf 89' lang='lat' dir='ltr'>di-</span> 
     </span>
     <span class='ocr_line' id='line_1_22' title="bbox 243 1847 1655 1913; baseline 0.002 -18"><span class='ocrx_word' id='word_1_192' title='bbox 243 1847 450 1904; x_wconf 90' lang='lat' dir='ltr'>luuntur;</span> <span class='ocrx_word' id='word_1_193' title='bbox 475 1847 688 1913; x_wconf 90' lang='lat' dir='ltr'>siquidem</span> <span class='ocrx_word' id='word_1_194' title='bbox 713 1848 867 1896; x_wconf 84' lang='lat' dir='ltr'>exinde</span> <span class='ocrx_word' id='word_1_195' title='bbox 892 1861 1091 1907; x_wconf 90' lang='lat' dir='ltr'>constat,</span> <span class='ocrx_word' id='word_1_196' title='bbox 1124 1851 1358 1898; x_wconf 80' lang='lat' dir='ltr'><strong>NASONEM</strong></span> <span class='ocrx_word' id='word_1_197' title='bbox 1382 1862 1461 1897; x_wconf 84' lang='lat' dir='ltr'>LIX</span> <span class='ocrx_word' id='word_1_198' title='bbox 1488 1868 1625 1898; x_wconf 88' lang='lat' dir='ltr'>annos</span> <span class='ocrx_word' id='word_1_199' title='bbox 1643 1887 1655 1907; x_wconf 95' lang='lat'>,</span> 
     </span>
     <span class='ocr_line' id='line_1_23' title="bbox 245 1926 1656 1992; baseline 0.002 -19"><span class='ocrx_word' id='word_1_200' title='bbox 245 1939 288 1974; x_wconf 86' lang='lat' dir='ltr'>et</span> <span class='ocrx_word' id='word_1_201' title='bbox 309 1927 479 1992; x_wconf 87' lang='lat' dir='ltr'>aliquot</span> <span class='ocrx_word' id='word_1_202' title='bbox 496 1927 674 1992; x_wconf 90' lang='lat' dir='ltr'>insuper</span> <span class='ocrx_word' id='word_1_203' title='bbox 692 1946 860 1974; x_wconf 87' lang='lat' dir='ltr'>menses</span> <span class='ocrx_word' id='word_1_204' title='bbox 882 1926 1038 1974; x_wconf 87' lang='lat' dir='ltr'>vixisse</span> <span class='ocrx_word' id='word_1_205' title='bbox 1052 1965 1062 1983; x_wconf 92' lang='lat'>,</span> <span class='ocrx_word' id='word_1_206' title='bbox 1086 1939 1217 1992; x_wconf 88' lang='lat' dir='ltr'>atque</span> <span class='ocrx_word' id='word_1_207' title='bbox 1237 1940 1324 1974; x_wconf 85' lang='lat' dir='ltr'>VIII</span> <span class='ocrx_word' id='word_1_208' title='bbox 1349 1933 1365 1951; x_wconf 81' lang='lat'>²</span> <span class='ocrx_word' id='word_1_209' title='bbox 1387 1926 1526 1975; x_wconf 83' lang='lat' dir='ltr'>exsilii</span> <span class='ocrx_word' id='word_1_210' title='bbox 1541 1946 1656 1976; x_wconf 90' lang='lat' dir='ltr'>anno</span> 
     </span>
     <span class='ocr_line' id='line_1_24' title="bbox 246 1995 1657 2070; baseline 0.001 -19"><span class='ocrx_word' id='word_1_211' title='bbox 246 1995 499 2059; x_wconf 83' lang='lat' dir='ltr'>decessisse,</span> <span class='ocrx_word' id='word_1_212' title='bbox 521 2016 617 2051; x_wconf 90' lang='lat' dir='ltr'>ante</span> <span class='ocrx_word' id='word_1_213' title='bbox 633 2005 838 2052; x_wconf 88' lang='lat' dir='ltr'>nimirum</span> <span class='ocrx_word' id='word_1_214' title='bbox 858 2004 1103 2069; x_wconf 76' lang='lat' dir='ltr'>Septembris</span> <span class='ocrx_word' id='word_1_215' title='bbox 1122 2004 1293 2070; x_wconf 84' lang='lat' dir='ltr'>initium</span> <span class='ocrx_word' id='word_1_216' title='bbox 1305 2041 1316 2059; x_wconf 95' lang='lat'>,</span> <span class='ocrx_word' id='word_1_217' title='bbox 1336 2023 1424 2070; x_wconf 91' lang='lat' dir='ltr'>quo</span> <span class='ocrx_word' id='word_1_218' title='bbox 1431 2004 1553 2069; x_wconf 86' lang='lat' dir='ltr'>juxta</span> <span class='ocrx_word' id='word_1_219' title='bbox 1566 2005 1657 2052; x_wconf 91' lang='lat' dir='ltr'>Eu-</span> 
     </span>
     <span class='ocr_line' id='line_1_25' title="bbox 246 2075 1654 2137; baseline 0 -9"><span class='ocrx_word' id='word_1_220' title='bbox 246 2081 411 2128; x_wconf 89' lang='lat' dir='ltr'>sebiani</span> <span class='ocrx_word' id='word_1_221' title='bbox 423 2082 630 2129; x_wconf 81' lang='lat' dir='ltr'>Chronici</span> <span class='ocrx_word' id='word_1_222' title='bbox 643 2080 832 2128; x_wconf 86' lang='lat' dir='ltr'>calculos</span> <span class='ocrx_word' id='word_1_223' title='bbox 848 2081 950 2129; x_wconf 84' lang='lat' dir='ltr'>exiit</span> <span class='ocrx_word' id='word_1_224' title='bbox 963 2075 1105 2130; x_wconf 85' lang='lat' dir='ltr'>annus</span> <span class='ocrx_word' id='word_1_225' title='bbox 1117 2081 1191 2129; x_wconf 90' lang='lat' dir='ltr'>ille</span> <span class='ocrx_word' id='word_1_226' title='bbox 1207 2081 1395 2129; x_wconf 85' lang='lat' dir='ltr'>Abrahae</span> <span class='ocrx_word' id='word_1_227' title='bbox 1407 2093 1654 2137; x_wconf 81' lang='lat' dir='ltr'>MMXXXIII,</span> 
     </span>
    </p>
   </div>
   <div class='ocr_carea' id='block_1_3' title="bbox 245 2159 1653 2298">
    <p class='ocr_par' dir='ltr' id='par_1_3' title="bbox 245 2159 1653 2298">
     <span class='ocr_line' id='line_1_26' title="bbox 245 2159 1653 2226; baseline -0.001 -19"><span class='ocrx_word' id='word_1_228' title='bbox 245 2160 314 2207; x_wconf 88' lang='lat' dir='ltr'>cui</span> <span class='ocrx_word' id='word_1_229' title='bbox 342 2160 659 2224; x_wconf 82' lang='lat' dir='ltr'>Hieronymus,</span> <span class='ocrx_word' id='word_1_230' title='bbox 685 2159 876 2224; x_wconf 89' lang='lat' dir='ltr'>ejusdem</span> <span class='ocrx_word' id='word_1_231' title='bbox 899 2160 1107 2208; x_wconf 85' lang='lat' dir='ltr'>Chronici</span> <span class='ocrx_word' id='word_1_232' title='bbox 1133 2159 1445 2226; x_wconf 85' lang='lat' dir='ltr'>interpolator,</span> <span class='ocrx_word' id='word_1_233' title='bbox 1484 2161 1653 2208; x_wconf 81' lang='lat' dir='ltr'>Ovum</span> 
     </span>
     <span class='ocr_line' id='line_1_27' title="bbox 245 2232 1019 2298; baseline 0 -16"><span class='ocrx_word' id='word_1_234' title='bbox 245 2236 415 2284; x_wconf 87' lang='lat' dir='ltr'>obitum</span> <span class='ocrx_word' id='word_1_235' title='bbox 436 2236 692 2298; x_wconf 83' lang='lat' dir='ltr'>adsignavit.</span> <span class='ocrx_word' id='word_1_236' title='bbox 1017 2232 1019 2235; x_wconf 41' lang='lat'>¹</span> 
     </span>
    </p>
   </div>
   <div class='ocr_carea' id='block_1_4' title="bbox 289 2349 578 2394">
    <p class='ocr_par' dir='ltr' id='par_1_4' title="bbox 289 2349 578 2394">
     <span class='ocr_line' id='line_1_28' title="bbox 289 2349 578 2394; baseline 0 -11"><span class='ocrx_word' id='word_1_237' title='bbox 289 2352 301 2370; x_wconf 85' lang='lat'><em>¹</em></span> <span class='ocrx_word' id='word_1_238' title='bbox 326 2350 417 2384; x_wconf 82' lang='lat' dir='ltr'>Loco</span> <span class='ocrx_word' id='word_1_239' title='bbox 434 2362 508 2394; x_wconf 83' lang='lat' dir='ltr'>sup.</span> <span class='ocrx_word' id='word_1_240' title='bbox 524 2349 578 2386; x_wconf 78' lang='lat' dir='ltr'>cit.</span> 
     </span>
    </p>
   </div>
   <div class='ocr_carea' id='block_1_5' title="bbox 244 2407 1655 2567">
    <p class='ocr_par' dir='ltr' id='par_1_5' title="bbox 244 2407 1655 2567">
     <span class='ocr_line' id='line_1_29' title="bbox 285 2407 1654 2455; baseline 0 -12"><span class='ocrx_word' id='word_1_241' title='bbox 285 2411 301 2429; x_wconf 83' lang='lat'>²</span> <span class='ocrx_word' id='word_1_242' title='bbox 326 2409 432 2454; x_wconf 84' lang='lat' dir='ltr'>Quod</span> <span class='ocrx_word' id='word_1_243' title='bbox 450 2409 537 2444; x_wconf 85' lang='lat' dir='ltr'>male</span> <span class='ocrx_word' id='word_1_244' title='bbox 551 2416 653 2455; x_wconf 88' lang='lat' dir='ltr'>negat</span> <span class='ocrx_word' id='word_1_245' title='bbox 669 2409 834 2454; x_wconf 81' lang='lat' dir='ltr'>Scaliger,</span> <span class='ocrx_word' id='word_1_246' title='bbox 852 2409 893 2444; x_wconf 84' lang='lat' dir='ltr'>ad</span> <span class='ocrx_word' id='word_1_247' title='bbox 915 2420 953 2444; x_wconf 84' lang='lat' dir='ltr'>1x</span> <span class='ocrx_word' id='word_1_248' title='bbox 973 2422 1105 2444; x_wconf 86' lang='lat' dir='ltr'>annum</span> <span class='ocrx_word' id='word_1_249' title='bbox 1122 2409 1296 2444; x_wconf 79' lang='lat' dir='ltr'>deducens</span> <span class='ocrx_word' id='word_1_250' title='bbox 1313 2409 1459 2444; x_wconf 89' lang='lat' dir='ltr'>Nasonis</span> <span class='ocrx_word' id='word_1_251' title='bbox 1477 2407 1631 2443; x_wconf 84' lang='lat' dir='ltr'>exsilium</span> <span class='ocrx_word' id='word_1_252' title='bbox 1643 2435 1654 2451; x_wconf 86' lang='lat'>,</span> 
     </span>
     <span class='ocr_line' id='line_1_30' title="bbox 245 2463 1655 2510; baseline 0.001 -13"><span class='ocrx_word' id='word_1_253' title='bbox 245 2463 408 2498; x_wconf 86' lang='lat' dir='ltr'>Animad.</span> <span class='ocrx_word' id='word_1_254' title='bbox 420 2465 455 2498; x_wconf 90' lang='lat' dir='ltr'>in</span> <span class='ocrx_word' id='word_1_255' title='bbox 471 2465 599 2499; x_wconf 86' lang='lat' dir='ltr'>Euseb.</span> <span class='ocrx_word' id='word_1_256' title='bbox 617 2463 752 2498; x_wconf 86' lang='lat' dir='ltr'>Chron.</span> <span class='ocrx_word' id='word_1_257' title='bbox 769 2477 844 2510; x_wconf 85' lang='lat' dir='ltr'>pag.</span> <span class='ocrx_word' id='word_1_258' title='bbox 865 2465 924 2499; x_wconf 77' lang='lat'>182</span> <span class='ocrx_word' id='word_1_259' title='bbox 939 2491 948 2507; x_wconf 95' lang='lat'>,</span> <span class='ocrx_word' id='word_1_260' title='bbox 964 2472 999 2499; x_wconf 83' lang='lat' dir='ltr'>et</span> <span class='ocrx_word' id='word_1_261' title='bbox 1012 2465 1153 2510; x_wconf 85' lang='lat' dir='ltr'>quidem</span> <span class='ocrx_word' id='word_1_262' title='bbox 1168 2465 1283 2500; x_wconf 85' lang='lat' dir='ltr'>invitis</span> <span class='ocrx_word' id='word_1_263' title='bbox 1295 2491 1304 2507; x_wconf 96' lang='lat'>,</span> <span class='ocrx_word' id='word_1_264' title='bbox 1321 2477 1404 2509; x_wconf 89' lang='lat' dir='ltr'>quas</span> <span class='ocrx_word' id='word_1_265' title='bbox 1419 2465 1565 2510; x_wconf 83' lang='lat' dir='ltr'>ipsemet</span> <span class='ocrx_word' id='word_1_266' title='bbox 1577 2470 1655 2499; x_wconf 78' lang='lat' dir='ltr'>ante</span> 
     </span>
     <span class='ocr_line' id='line_1_31' title="bbox 244 2517 1274 2567; baseline 0 -12"><span class='ocrx_word' id='word_1_267' title='bbox 244 2520 420 2566; x_wconf 79' lang='lat' dir='ltr'>adposuit,</span> <span class='ocrx_word' id='word_1_268' title='bbox 438 2521 627 2556; x_wconf 82' lang='lat' dir='ltr'>rationibus</span> <span class='ocrx_word' id='word_1_269' title='bbox 641 2546 650 2563; x_wconf 92' lang='lat'>,</span> <span class='ocrx_word' id='word_1_270' title='bbox 667 2528 706 2556; x_wconf 88' lang='lat' dir='ltr'>ut</span> <span class='ocrx_word' id='word_1_271' title='bbox 721 2521 836 2556; x_wconf 86' lang='lat' dir='ltr'>statim</span> <span class='ocrx_word' id='word_1_272' title='bbox 850 2517 984 2557; x_wconf 81' lang='lat' dir='ltr'>attento</span> <span class='ocrx_word' id='word_1_273' title='bbox 1000 2522 1119 2557; x_wconf 80' lang='lat' dir='ltr'>lectori</span> <span class='ocrx_word' id='word_1_274' title='bbox 1136 2521 1274 2567; x_wconf 80' lang='lat' dir='ltr'>patebit.</span> 
     </span>
    </p>
   </div>
   <div class='ocr_carea' id='block_1_6' title="bbox 701 2644 1206 2672">
    <p class='ocr_par' dir='ltr' id='par_1_6' title="bbox 701 2644 1206 2672">
     <span class='ocr_line' id='line_1_32' title="bbox 701 2644 1206 2672; baseline -0.002 -1"><span class='ocrx_word' id='word_1_275' title='bbox 701 2644 838 2672; x_wconf 82' lang='lat' dir='ltr'>FINIS</span> <span class='ocrx_word' id='word_1_276' title='bbox 866 2644 995 2672; x_wconf 82' lang='lat' dir='ltr'>VITAE</span> <span class='ocrx_word' id='word_1_277' title='bbox 1023 2644 1206 2672; x_wconf 86' lang='lat' dir='ltr'>OVIDII.</span> 
     </span>
    </p>
   </div>
  </div>
 </body>
</html>
