1794 3100
250 220 333 263 330
496 219 942 264 TESTIMONIA
975 222 1059 264 ET
1091 221 1377 265 JUDICIA

309 314 338 361 J
341 326 482 362 ULIUS
502 314 736 363 SCALIGER
751 352 762 372 ,
783 315 828 363 in
847 315 1122 384 Hffercn‘tt'co
1136 354 1149 373 ‚
1173 335 1218 382 p.
1246 315 1337 382 788
1357 335 1367 364 :
1392 337 1414 358 «
1434 318 1532 364 Jam
1553 335 1655 365 vero

248 411 273 433 »
297 390 352 439 ad
371 409 467 440 eum
486 392 761 457 pervenimus
777 391 920 441 locum
937 430 948 451 ,
975 393 1020 441 in
1042 412 1129 459 quo
1152 393 1316 456 ingenii
1337 392 1592 456 magnitudo
1613 405 1656 441 et

247 487 271 508 2)
300 484 482 515 acumen
508 466 661 532 judicii
697 468 932 517 exercenda
963 480 1079 516 sunt.
1117 468 1231 532 Quis
1267 468 1381 517 enim
1411 467 1464 516 de
1494 467 1653 516 Ovidio

247 564 270 585 >›
297 544 403 591 satis
426 543 556 607 digne
580 544 720 593 dicere
743 546 911 611 possit,
936 546 1095 594 nedum
1121 558 1170 594 ut
1191 546 1347 594 audeat
1379 565 1478 594 eum
1506 564 1654 613 repre-

248 641 271 662 »
298 620 514 678 bendere,
538 632 620 669 etc.
643 643 665 664 »

308 699 382 746 Ex
415 700 616 747 JOSEPHI
648 699 902 749 SCALIGERI
940 701 1239 767 Prolegomem's'
1269 701 1511 750 Manilianis
1527 740 1539 758 ,
1572 713 1652 751 etc,

246 796 269 817 «
288 776 391 822 Uno
403 775 591 823 vincitur
608 776 834 839 (nimirum
846 777 1077 842 Manilius)
1089 777 1211 843 quod
1223 797 1312 825 non
1323 789 1469 844 potest
1479 797 1655 827 manum

246 874 270 896 >›
298 852 449 902 tollere
473 854 525 902 de
549 853 722 911 tabula,
749 867 792 902 et
818 855 968 921 (quod
987 867 1076 903 tam
1096 854 1207 903 falso
1225 893 1236 912 ,
1260 874 1390 920 quam
1413 855 1628 905 immerito
1643 893 1654 914 ,

247 954 270 975 »
297 932 461 980 Ovidio
486 933 706 999 objectum
729 933 863 997 olim)
889 952 1114 999 nunquam
1133 933 1216 981 scit
1239 933 1457 991 desinere,
1478 945 1558 982 etc.
1583 956 1606 976 »

307 1010 478 1059 Ibidem
502 1031 512 1059 ε
551 1034 573 1054 «
606 1013 704 1060 Hoc
725 1023 776 1059 ut
805 1029 895 1058 non
926 1010 1142 1059 mediocre
1164 1010 1316 1058 vitium
1343 1022 1409 1059 est
1438 1011 1483 1058 in
1511 1010 1652 1059 nitido

246 1109 270 1130 >›
298 1089 509 1154 scriptore
526 1126 537 1146 ,
567 1089 626 1136 ita
651 1088 750 1155 puri
773 1099 877 1136 sunt
905 1088 960 1136 ab
997 1087 1076 1136 hac
1100 1087 1197 1136 labe
1221 1088 1382 1154 (nimia
1409 1088 1655 1140 earumdem

246 1187 270 1208 »
298 1185 454 1215 vocum
466 1167 710 1230 iteratione)
720 1167 939 1234 principes
951 1179 1106 1234 poetae,
1120 1166 1333 1230 Virgilius
1347 1178 1391 1215 et
1410 1166 1611 1216 Ovidius.
1628 1189 1650 1210 »

308 1243 460 1301 IDEM,
479 1243 524 1290 in
537 1242 614 1291 lib.
636 1245 703 1292 III
718 1243 919 1300 Poedces,
942 1262 1040 1309 pag.
1064 1241 1152 1290 261
1179 1263 1189 1290 :
1208 1265 1230 1285 «
1251 1243 1304 1290 In
1323 1241 1526 1290 omnibus
1543 1241 1654 1290 illud

250 1340 271 1360 n
297 1317 344 1365 in
366 1318 518 1384 primis
542 1319 778 1368 cavendum
797 1331 886 1377 est,
901 1337 965 1375 ,ne
986 1320 1131 1386 inepte
1155 1318 1388 1375 discurras,
1406 1318 1493 1367 nisi
1513 1316 1653 1366 libros

248 1417 270 1437 υ
297 1414 534 1462 componas
557 1415 651 1445 eam
675 1393 729 1444 ad
750 1415 839 1444 rem
864 1395 1104 1443 destinatos
1124 1415 1133 1442 ε
1156 1393 1522 1461 quemadmodum
1545 1393 1653 1442 Ovi-

250 1493 271 1512 »
301 1471 399 1519 dius
422 1472 527 1519 fecit
546 1472 594 1519 in
616 1471 743 1520 libris
761 1471 1230 1528 Transformationum‚
1256 1481 1300 1518 et
1316 1471 1533 1518 Lucanus.
1563 1490 1587 1512 »

310 1551 587 1610 VICTORIUS,
601 1550 678 1598 lib.
695 1552 782 1598 XII
804 1549 860 1598 V
852 1568 910 1598 ar.
927 1569 1020 1616 cap.
1043 1549 1069 1596 5
1089 1570 1098 1596 :
1123 1573 1145 1593 «
1168 1549 1443 1606 Ovidius,ut
1459 1546 1653 1598 oratione

250 1649 271 1669 >›
300 1645 348 1675 ac
372 1627 570 1676 versibus
587 1664 600 1686 ,
620 1627 681 1674 ita
701 1627 791 1675 vita
813 1639 858 1675 et
875 1627 1075 1675 moribus
1100 1638 1340 1675 enervatus.
1366 1623 1388 1669 ί)

768 1742 829 1756 ww
832 1741 1142 1756 WWWVUWWWUWUU

353 1856 822 1921 COMPARATIO
856 1873 1140 1920 TIBULLI
1174 1873 1258 1919 ET
1293 1871 1555 1927 ovum,

699 2004 744 2028 Ex
764 2002 971 2027 ELEMENTIS
988 2001 1206 2027 lum'rolucffl

544 2107 891 2151 JOACHIMI
932 2090 1353 2149 CAMERARII.

311 2236 536 2283 DICAMUS
567 2246 609 2282 et
641 2234 692 2282 de
728 2232 940 2281 leviorum
972 2232 1133 2281 artium
1167 2231 1344 2289 studio,
1378 2241 1430 2279 ut
1455 2229 1658 2277 Ciceroni

249 2311 420 2378 placet,
447 2322 490 2359 et
523 2328 573 2358 ex
606 2309 684 2358 illo
720 2308 893 2357 nObiles
929 2320 1081 2375 poetas
1104 2307 1216 2356 duos
1236 2304 1369 2355 veluti
1389 2305 1436 2352 in
1468 2303 1659 2352 medium

248 2386 566 2454 producamus,
596 2386 824 2435 Tibullum
857 2398 987 2452 atque
1024 2384 1246 2443 Ovidium.
1274 2386 1522 2449 Utrumque
1551 2380 1661 2429 mol-

248 2466 332 2514 lem
349 2503 360 2524 ,
380 2486 427 2514 ac
446 2477 665 2523 tenerum,
686 2476 728 2512 et
743 2463 911 2513 facilem
932 2484 941 2512 :
961 2464 1038 2530 qui
1055 2464 1185 2512 ambo
1205 2474 1248 2510 et
1265 2481 1434 2522 amores
1448 2460 1659 2518 cecinere,

249 2556 291 2591 et
307 2543 532 2592 versiculis
547 2543 651 2593 illos
670 2542 884 2591 inclusere
899 2581 911 2601 ,
939 2543 1062 2609 quasi
1085 2541 1253 2590 remissi
1279 2553 1321 2588 et
1342 2539 1568 2590 solutioris
1587 2557 1661 2586 cu-

248 2621 417 2685 jusdam
440 2621 588 2681 modi,
616 2640 726 2687 quos
753 2620 966 2684 elegiacos
988 2629 1154 2667 vocant.
1178 2618 1246 2666 De
1267 2617 1338 2665 his
1364 2618 1479 2665 inter
1497 2627 1660 2663 veteres

166 2742 171 2745 ,
251 2697 474 2746 contentio
487 2697 571 2746 fuit
586 2734 597 2757 ,
617 2709 716 2746 uter
729 2696 852 2746 alteri
870 2694 1161 2763 praeferendus
1172 2693 1403 2743 videretur.
1423 2694 1521 2755 Ego
1535 2709 1637 2739 vero
1647 2727 1658 2747 ,
