<?xml version="1.0" encoding="UTF-8"?>
<!DOCTYPE html PUBLIC "-//W3C//DTD XHTML 1.0 Transitional//EN"
    "http://www.w3.org/TR/xhtml1/DTD/xhtml1-transitional.dtd">
<html xmlns="http://www.w3.org/1999/xhtml" xml:lang="en" lang="en">
 <head>
  <title>
</title>
<meta http-equiv="Content-Type" content="text/html;charset=utf-8" />
  <meta name='ocr-system' content='tesseract 3.04.00' />
  <meta name='ocr-capabilities' content='ocr_page ocr_carea ocr_par ocr_line ocrx_word'/>
</head>
<body>
  <div class='ocr_page' id='page_1' title='image "./quaeextantomniao08oviduoft_0197.png"; bbox 0 0 1794 3100; ppageno 0'>
   <div class='ocr_carea' id='block_1_1' title="bbox 561 256 1553 317">
    <p class='ocr_par' dir='ltr' id='par_1_1' title="bbox 561 256 1553 317">
     <span class='ocr_line' id='line_1_1' title="bbox 561 256 1553 317; baseline -0.004 -14"><span class='ocrx_word' id='word_1_1' title='bbox 561 258 692 303; x_wconf 89' lang='lat' dir='ltr'>PER</span> <span class='ocrx_word' id='word_1_2' title='bbox 725 260 768 302; x_wconf 88' lang='lat' dir='ltr'>J.</span> <span class='ocrx_word' id='word_1_3' title='bbox 804 256 1110 302; x_wconf 88' lang='lat' dir='ltr'><strong>MASSON.</strong></span> <span class='ocrx_word' id='word_1_4' title='bbox 1473 259 1553 317; x_wconf 72' lang='lat'>187</span> 
     </span>
    </p>
   </div>
   <div class='ocr_carea' id='block_1_2' title="bbox 102 349 1570 2537">
    <p class='ocr_par' dir='ltr' id='par_1_2' title="bbox 102 349 1562 888">
     <span class='ocr_line' id='line_1_2' title="bbox 116 349 1557 418; baseline -0.005 -13"><span class='ocrx_word' id='word_1_5' title='bbox 116 355 335 418; x_wconf 71' lang='lat' dir='ltr'>relegatus</span> <span class='ocrx_word' id='word_1_6' title='bbox 363 354 452 411; x_wconf 85' lang='lat' dir='ltr'>sit,</span> <span class='ocrx_word' id='word_1_7' title='bbox 491 364 543 403; x_wconf 86' lang='lat' dir='ltr'>ut</span> <span class='ocrx_word' id='word_1_8' title='bbox 578 365 695 402; x_wconf 86' lang='lat' dir='ltr'>recte</span> <span class='ocrx_word' id='word_1_9' title='bbox 731 351 927 416; x_wconf 77' lang='lat' dir='ltr'>Scaliger</span> <span class='ocrx_word' id='word_1_10' title='bbox 959 351 1227 408; x_wconf 61' lang='lat' dir='ltr'>arbitratum</span> <span class='ocrx_word' id='word_1_11' title='bbox 1264 349 1385 398; x_wconf 85' lang='lat' dir='ltr'>haud</span> <span class='ocrx_word' id='word_1_12' title='bbox 1412 362 1557 398; x_wconf 86' lang='lat' dir='ltr'>tamen</span> 
     </span>
     <span class='ocr_line' id='line_1_3' title="bbox 102 427 1559 502; baseline -0.005 -20"><span class='ocrx_word' id='word_1_13' title='bbox 102 431 533 502; x_wconf 73' lang='lat' dir='ltr'>quinquagesimum</span> <span class='ocrx_word' id='word_1_14' title='bbox 558 430 800 480; x_wconf 86' lang='lat' dir='ltr'>secundum</span> <span class='ocrx_word' id='word_1_15' title='bbox 835 431 975 479; x_wconf 85' lang='lat' dir='ltr'>aetatis</span> <span class='ocrx_word' id='word_1_16' title='bbox 1010 448 1173 479; x_wconf 87' lang='lat' dir='ltr'>annum</span> <span class='ocrx_word' id='word_1_17' title='bbox 1206 440 1313 477; x_wconf 89' lang='lat' dir='ltr'>tunc</span> <span class='ocrx_word' id='word_1_18' title='bbox 1347 427 1559 494; x_wconf 90' lang='lat' dir='ltr'>temporis</span> 
     </span>
     <span class='ocr_line' id='line_1_4' title="bbox 117 505 1558 577; baseline -0.006 -17"><span class='ocrx_word' id='word_1_19' title='bbox 117 509 386 567; x_wconf 56' lang='lat' dir='ltr'>absolveram</span> <span class='ocrx_word' id='word_1_20' title='bbox 413 510 580 577; x_wconf 78' lang='lat' dir='ltr'>quippe</span> <span class='ocrx_word' id='word_1_21' title='bbox 605 523 671 558; x_wconf 82' lang='lat' dir='ltr'>xx</span> <span class='ocrx_word' id='word_1_22' title='bbox 703 509 860 558; x_wconf 89' lang='lat' dir='ltr'>Martii</span> <span class='ocrx_word' id='word_1_23' title='bbox 884 509 955 557; x_wconf 91' lang='lat' dir='ltr'>die</span> <span class='ocrx_word' id='word_1_24' title='bbox 983 507 1177 574; x_wconf 87' lang='lat' dir='ltr'>ejusdem</span> <span class='ocrx_word' id='word_1_25' title='bbox 1202 505 1307 555; x_wconf 85' lang='lat' dir='ltr'>anni</span> <span class='ocrx_word' id='word_1_26' title='bbox 1333 505 1558 573; x_wconf 88' lang='lat' dir='ltr'>quinqua-</span> 
     </span>
     <span class='ocr_line' id='line_1_5' title="bbox 118 582 1562 654; baseline -0.005 -18"><span class='ocrx_word' id='word_1_27' title='bbox 118 587 312 651; x_wconf 74' lang='lat' dir='ltr'>gesimus</span> <span class='ocrx_word' id='word_1_28' title='bbox 345 586 519 654; x_wconf 86' lang='lat' dir='ltr'>primus</span> <span class='ocrx_word' id='word_1_29' title='bbox 554 598 726 634; x_wconf 88' lang='lat' dir='ltr'>tantum</span> <span class='ocrx_word' id='word_1_30' title='bbox 762 585 1011 652; x_wconf 87' lang='lat' dir='ltr'>completus</span> <span class='ocrx_word' id='word_1_31' title='bbox 1036 596 1130 643; x_wconf 87' lang='lat' dir='ltr'>est;</span> <span class='ocrx_word' id='word_1_32' title='bbox 1163 603 1214 632; x_wconf 90' lang='lat' dir='ltr'>ac</span> <span class='ocrx_word' id='word_1_33' title='bbox 1240 582 1429 651; x_wconf 77' lang='lat' dir='ltr'>proinde</span> <span class='ocrx_word' id='word_1_34' title='bbox 1462 583 1562 630; x_wconf 82' lang='lat' dir='ltr'>No—</span> 
     </span>
     <span class='ocr_line' id='line_1_6' title="bbox 118 660 1558 733; baseline -0.006 -17"><span class='ocrx_word' id='word_1_35' title='bbox 118 666 272 717; x_wconf 72' lang='lat' dir='ltr'>vembri</span> <span class='ocrx_word' id='word_1_36' title='bbox 297 677 512 724; x_wconf 85' lang='lat' dir='ltr'>exeunte,</span> <span class='ocrx_word' id='word_1_37' title='bbox 539 685 629 733; x_wconf 89' lang='lat' dir='ltr'>quo</span> <span class='ocrx_word' id='word_1_38' title='bbox 656 684 876 714; x_wconf 89' lang='lat' dir='ltr'>summum</span> <span class='ocrx_word' id='word_1_39' title='bbox 909 666 1099 714; x_wconf 88' lang='lat' dir='ltr'>Romam</span> <span class='ocrx_word' id='word_1_40' title='bbox 1125 663 1317 713; x_wconf 89' lang='lat' dir='ltr'>Ovidius</span> <span class='ocrx_word' id='word_1_41' title='bbox 1345 660 1528 728; x_wconf 88' lang='lat' dir='ltr'>reliquit</span> <span class='ocrx_word' id='word_1_42' title='bbox 1546 697 1558 719; x_wconf 91' lang='lat'>‚</span> 
     </span>
     <span class='ocr_line' id='line_1_7' title="bbox 116 741 1560 809; baseline -0.006 -14"><span class='ocrx_word' id='word_1_43' title='bbox 116 756 206 795; x_wconf 84' lang='lat' dir='ltr'>octo</span> <span class='ocrx_word' id='word_1_44' title='bbox 229 744 378 794; x_wconf 86' lang='lat' dir='ltr'>solum</span> <span class='ocrx_word' id='word_1_45' title='bbox 400 761 576 793; x_wconf 88' lang='lat' dir='ltr'>menses</span> <span class='ocrx_word' id='word_1_46' title='bbox 612 743 728 792; x_wconf 85' lang='lat' dir='ltr'>ultra</span> <span class='ocrx_word' id='word_1_47' title='bbox 760 756 805 791; x_wconf 88' lang='lat' dir='ltr'>LI</span> <span class='ocrx_word' id='word_1_48' title='bbox 842 762 1005 791; x_wconf 85' lang='lat' dir='ltr'>annum</span> <span class='ocrx_word' id='word_1_49' title='bbox 1043 742 1157 809; x_wconf 88' lang='lat' dir='ltr'>lapsi</span> <span class='ocrx_word' id='word_1_50' title='bbox 1192 741 1391 799; x_wconf 82' lang='lat' dir='ltr'>fuerant,</span> <span class='ocrx_word' id='word_1_51' title='bbox 1422 758 1560 807; x_wconf 91' lang='lat' dir='ltr'>quum</span> 
     </span>
     <span class='ocr_line' id='line_1_8' title="bbox 116 821 943 888; baseline -0.005 -14"><span class='ocrx_word' id='word_1_52' title='bbox 116 823 241 874; x_wconf 85' lang='lat' dir='ltr'>exsul</span> <span class='ocrx_word' id='word_1_53' title='bbox 263 822 312 871; x_wconf 91' lang='lat' dir='ltr'>in</span> <span class='ocrx_word' id='word_1_54' title='bbox 335 823 529 873; x_wconf 90' lang='lat' dir='ltr'><strong>Pontum</strong></span> <span class='ocrx_word' id='word_1_55' title='bbox 551 821 672 870; x_wconf 90' lang='lat' dir='ltr'>abire</span> <span class='ocrx_word' id='word_1_56' title='bbox 691 822 841 888; x_wconf 83' lang='lat' dir='ltr'>jussus</span> <span class='ocrx_word' id='word_1_57' title='bbox 866 834 943 871; x_wconf 87' lang='lat' dir='ltr'>est.</span> 
     </span>
    </p>

    <p class='ocr_par' dir='ltr' id='par_1_3' title="bbox 120 902 1570 2452">
     <span class='ocr_line' id='line_1_9' title="bbox 183 902 1562 972; baseline -0.004 -17"><span class='ocrx_word' id='word_1_58' title='bbox 183 908 277 955; x_wconf 87' lang='lat' dir='ltr'>Nec</span> <span class='ocrx_word' id='word_1_59' title='bbox 292 905 437 954; x_wconf 90' lang='lat' dir='ltr'>levius</span> <span class='ocrx_word' id='word_1_60' title='bbox 452 904 506 954; x_wconf 88' lang='lat' dir='ltr'>cl.</span> <span class='ocrx_word' id='word_1_61' title='bbox 520 904 728 953; x_wconf 87' lang='lat' dir='ltr'>Norisius</span> <span class='ocrx_word' id='word_1_62' title='bbox 742 904 922 962; x_wconf 81' lang='lat' dir='ltr'>labitur,</span> <span class='ocrx_word' id='word_1_63' title='bbox 940 924 1077 972; x_wconf 89' lang='lat' dir='ltr'>quum</span> <span class='ocrx_word' id='word_1_64' title='bbox 1094 923 1144 953; x_wconf 89' lang='lat' dir='ltr'>ex</span> <span class='ocrx_word' id='word_1_65' title='bbox 1162 923 1213 952; x_wconf 93' lang='lat' dir='ltr'>eo</span> <span class='ocrx_word' id='word_1_66' title='bbox 1225 941 1236 962; x_wconf 91' lang='lat'>,</span> <span class='ocrx_word' id='word_1_67' title='bbox 1256 902 1380 970; x_wconf 89' lang='lat' dir='ltr'>quod</span> <span class='ocrx_word' id='word_1_68' title='bbox 1400 905 1562 951; x_wconf 86' lang='lat' dir='ltr'><strong>Noster</strong></span> 
     </span>
     <span class='ocr_line' id='line_1_10' title="bbox 120 979 1560 1052; baseline -0.003 -21"><span class='ocrx_word' id='word_1_69' title='bbox 120 984 238 1033; x_wconf 86' lang='lat' dir='ltr'>canit</span> <span class='ocrx_word' id='word_1_70' title='bbox 252 1021 264 1042; x_wconf 93' lang='lat'>,</span> <span class='ocrx_word' id='word_1_71' title='bbox 289 984 419 1032; x_wconf 81' lang='lat' dir='ltr'>lustra</span> <span class='ocrx_word' id='word_1_72' title='bbox 432 983 495 1031; x_wconf 81' lang='lat' dir='ltr'>bis</span> <span class='ocrx_word' id='word_1_73' title='bbox 505 983 677 1052; x_wconf 79' lang='lat' dir='ltr'>quinque</span> <span class='ocrx_word' id='word_1_74' title='bbox 681 994 851 1050; x_wconf 85' lang='lat' dir='ltr'>peracta</span> <span class='ocrx_word' id='word_1_75' title='bbox 869 983 955 1032; x_wconf 85' lang='lat' dir='ltr'>sibi</span> <span class='ocrx_word' id='word_1_76' title='bbox 973 982 1109 1032; x_wconf 85' lang='lat' dir='ltr'>fuisse</span> <span class='ocrx_word' id='word_1_77' title='bbox 1124 982 1170 1030; x_wconf 90' lang='lat' dir='ltr'>in</span> <span class='ocrx_word' id='word_1_78' title='bbox 1190 980 1393 1030; x_wconf 81' lang='lat' dir='ltr'>exsilium</span> <span class='ocrx_word' id='word_1_79' title='bbox 1416 979 1560 1037; x_wconf 82' lang='lat' dir='ltr'>eunti,</span> 
     </span>
     <span class='ocr_line' id='line_1_11' title="bbox 120 1059 1561 1127; baseline -0.003 -15"><span class='ocrx_word' id='word_1_80' title='bbox 120 1063 289 1127; x_wconf 85' lang='lat' dir='ltr'>colligit</span> <span class='ocrx_word' id='word_1_81' title='bbox 299 1081 399 1112; x_wconf 88' lang='lat' dir='ltr'>eum</span> <span class='ocrx_word' id='word_1_82' title='bbox 410 1082 528 1112; x_wconf 90' lang='lat' dir='ltr'>anno</span> <span class='ocrx_word' id='word_1_83' title='bbox 542 1065 600 1111; x_wconf 88' lang='lat' dir='ltr'>U.</span> <span class='ocrx_word' id='word_1_84' title='bbox 618 1063 668 1111; x_wconf 91' lang='lat' dir='ltr'>C.</span> <span class='ocrx_word' id='word_1_85' title='bbox 687 1073 875 1121; x_wconf 78' lang='lat' dir='ltr'>DCCLXI,</span> <span class='ocrx_word' id='word_1_86' title='bbox 887 1081 1034 1111; x_wconf 90' lang='lat' dir='ltr'>mense</span> <span class='ocrx_word' id='word_1_87' title='bbox 1046 1062 1285 1111; x_wconf 86' lang='lat' dir='ltr'>Decembri</span> <span class='ocrx_word' id='word_1_88' title='bbox 1298 1061 1344 1109; x_wconf 89' lang='lat' dir='ltr'>in</span> <span class='ocrx_word' id='word_1_89' title='bbox 1359 1059 1561 1109; x_wconf 74' lang='lat' dir='ltr'>exsilium</span> 
     </span>
     <span class='ocr_line' id='line_1_12' title="bbox 121 1140 1564 1210; baseline -0.004 -18"><span class='ocrx_word' id='word_1_90' title='bbox 121 1161 216 1192; x_wconf 89' lang='lat' dir='ltr'>esse</span> <span class='ocrx_word' id='word_1_91' title='bbox 226 1141 498 1210; x_wconf 81' lang='lat' dir='ltr'>profectum,</span> <span class='ocrx_word' id='word_1_92' title='bbox 514 1159 653 1207; x_wconf 89' lang='lat' dir='ltr'>quum</span> <span class='ocrx_word' id='word_1_93' title='bbox 668 1160 831 1189; x_wconf 88' lang='lat' dir='ltr'>annum</span> <span class='ocrx_word' id='word_1_94' title='bbox 846 1153 891 1188; x_wconf 91' lang='lat' dir='ltr'>LI</span> <span class='ocrx_word' id='word_1_95' title='bbox 906 1153 1068 1204; x_wconf 86' lang='lat' dir='ltr'>ageret.</span> <span class='ocrx_word' id='word_1_96' title='bbox 1087 1140 1230 1204; x_wconf 82' lang='lat' dir='ltr'>Quasi</span> <span class='ocrx_word' id='word_1_97' title='bbox 1243 1158 1347 1188; x_wconf 87' lang='lat' dir='ltr'>vero</span> <span class='ocrx_word' id='word_1_98' title='bbox 1365 1158 1411 1187; x_wconf 85' lang='lat' dir='ltr'>ea</span> <span class='ocrx_word' id='word_1_99' title='bbox 1423 1150 1564 1206; x_wconf 81' lang='lat' dir='ltr'>poetae</span> 
     </span>
     <span class='ocr_line' id='line_1_13' title="bbox 121 1216 1562 1285; baseline -0.003 -17"><span class='ocrx_word' id='word_1_100' title='bbox 121 1220 257 1269; x_wconf 83' lang='lat' dir='ltr'>verba</span> <span class='ocrx_word' id='word_1_101' title='bbox 283 1219 393 1268; x_wconf 86' lang='lat' dir='ltr'>adeo</span> <span class='ocrx_word' id='word_1_102' title='bbox 427 1218 578 1269; x_wconf 82' lang='lat' dir='ltr'>stricte</span> <span class='ocrx_word' id='word_1_103' title='bbox 603 1219 693 1268; x_wconf 87' lang='lat' dir='ltr'>sint</span> <span class='ocrx_word' id='word_1_104' title='bbox 715 1219 994 1285; x_wconf 86' lang='lat' dir='ltr'>accipienda,</span> <span class='ocrx_word' id='word_1_105' title='bbox 1027 1230 1078 1268; x_wconf 86' lang='lat' dir='ltr'>ut</span> <span class='ocrx_word' id='word_1_106' title='bbox 1103 1218 1153 1267; x_wconf 86' lang='lat' dir='ltr'>de</span> <span class='ocrx_word' id='word_1_107' title='bbox 1176 1231 1243 1267; x_wconf 83' lang='lat' dir='ltr'>LII</span> <span class='ocrx_word' id='word_1_108' title='bbox 1268 1216 1420 1267; x_wconf 83' lang='lat' dir='ltr'>Ovidii</span> <span class='ocrx_word' id='word_1_109' title='bbox 1444 1236 1562 1265; x_wconf 91' lang='lat' dir='ltr'>anno</span> 
     </span>
     <span class='ocr_line' id='line_1_14' title="bbox 121 1293 1564 1362; baseline -0.003 -17"><span class='ocrx_word' id='word_1_110' title='bbox 121 1296 300 1345; x_wconf 88' lang='lat' dir='ltr'>labente</span> <span class='ocrx_word' id='word_1_111' title='bbox 322 1306 545 1362; x_wconf 84' lang='lat' dir='ltr'>nequeant</span> <span class='ocrx_word' id='word_1_112' title='bbox 561 1294 781 1358; x_wconf 83' lang='lat' dir='ltr'>intelligi!</span> <span class='ocrx_word' id='word_1_113' title='bbox 810 1296 1020 1344; x_wconf 84' lang='lat' dir='ltr'>Attamen</span> <span class='ocrx_word' id='word_1_114' title='bbox 1043 1295 1283 1362; x_wconf 82' lang='lat' dir='ltr'>scriptores</span> <span class='ocrx_word' id='word_1_115' title='bbox 1299 1293 1464 1361; x_wconf 89' lang='lat' dir='ltr'>passim</span> <span class='ocrx_word' id='word_1_116' title='bbox 1487 1312 1564 1342; x_wconf 91' lang='lat' dir='ltr'>so-</span> 
     </span>
     <span class='ocr_line' id='line_1_15' title="bbox 121 1373 1563 1441; baseline -0.001 -17"><span class='ocrx_word' id='word_1_117' title='bbox 121 1375 215 1425; x_wconf 89' lang='lat' dir='ltr'>lent</span> <span class='ocrx_word' id='word_1_118' title='bbox 241 1374 440 1439; x_wconf 81' lang='lat' dir='ltr'>rotundo</span> <span class='ocrx_word' id='word_1_119' title='bbox 473 1375 542 1424; x_wconf 89' lang='lat' dir='ltr'>uti</span> <span class='ocrx_word' id='word_1_120' title='bbox 572 1393 784 1433; x_wconf 88' lang='lat' dir='ltr'>numero,</span> <span class='ocrx_word' id='word_1_121' title='bbox 821 1375 1020 1441; x_wconf 89' lang='lat' dir='ltr'>quamvis</span> <span class='ocrx_word' id='word_1_122' title='bbox 1054 1393 1172 1423; x_wconf 89' lang='lat' dir='ltr'>unus</span> <span class='ocrx_word' id='word_1_123' title='bbox 1195 1386 1240 1423; x_wconf 85' lang='lat' dir='ltr'>et</span> <span class='ocrx_word' id='word_1_124' title='bbox 1263 1373 1374 1422; x_wconf 90' lang='lat' dir='ltr'>alter</span> <span class='ocrx_word' id='word_1_125' title='bbox 1396 1392 1563 1429; x_wconf 83' lang='lat' dir='ltr'>annus,</span> 
     </span>
     <span class='ocr_line' id='line_1_16' title="bbox 121 1451 1563 1522; baseline -0.001 -21"><span class='ocrx_word' id='word_1_126' title='bbox 121 1453 258 1502; x_wconf 90' lang='lat' dir='ltr'>immo</span> <span class='ocrx_word' id='word_1_127' title='bbox 273 1465 317 1503; x_wconf 92' lang='lat' dir='ltr'>et</span> <span class='ocrx_word' id='word_1_128' title='bbox 329 1452 481 1522; x_wconf 89' lang='lat' dir='ltr'>plures</span> <span class='ocrx_word' id='word_1_129' title='bbox 495 1453 732 1521; x_wconf 80' lang='lat' dir='ltr'>supersint.</span> <span class='ocrx_word' id='word_1_130' title='bbox 750 1453 888 1518; x_wconf 85' lang='lat' dir='ltr'>Quod</span> <span class='ocrx_word' id='word_1_131' title='bbox 907 1465 949 1502; x_wconf 88' lang='lat' dir='ltr'>et</span> <span class='ocrx_word' id='word_1_132' title='bbox 967 1453 1060 1520; x_wconf 88' lang='lat' dir='ltr'>ipse</span> <span class='ocrx_word' id='word_1_133' title='bbox 1080 1451 1277 1516; x_wconf 81' lang='lat' dir='ltr'>Scaliger</span> <span class='ocrx_word' id='word_1_134' title='bbox 1297 1458 1307 1477; x_wconf 88' lang='lat'>¹</span> <span class='ocrx_word' id='word_1_135' title='bbox 1334 1452 1563 1509; x_wconf 86' lang='lat' dir='ltr'>observat,</span> 
     </span>
     <span class='ocr_line' id='line_1_17' title="bbox 120 1531 1563 1600; baseline -0.003 -19"><span class='ocrx_word' id='word_1_136' title='bbox 120 1531 208 1581; x_wconf 88' lang='lat' dir='ltr'>hoc</span> <span class='ocrx_word' id='word_1_137' title='bbox 233 1544 365 1598; x_wconf 88' lang='lat' dir='ltr'>pacto</span> <span class='ocrx_word' id='word_1_138' title='bbox 385 1531 507 1581; x_wconf 87' lang='lat' dir='ltr'>litem</span> <span class='ocrx_word' id='word_1_139' title='bbox 527 1571 540 1594; x_wconf 92' lang='lat'>,</span> <span class='ocrx_word' id='word_1_140' title='bbox 567 1552 699 1600; x_wconf 91' lang='lat' dir='ltr'>quam</span> <span class='ocrx_word' id='word_1_141' title='bbox 734 1532 822 1581; x_wconf 87' lang='lat' dir='ltr'>vati</span> <span class='ocrx_word' id='word_1_142' title='bbox 849 1532 903 1581; x_wconf 86' lang='lat' dir='ltr'>de</span> <span class='ocrx_word' id='word_1_143' title='bbox 929 1532 1163 1599; x_wconf 89' lang='lat' dir='ltr'>ipsiusmet</span> <span class='ocrx_word' id='word_1_144' title='bbox 1187 1542 1314 1580; x_wconf 90' lang='lat' dir='ltr'>aetate</span> <span class='ocrx_word' id='word_1_145' title='bbox 1342 1541 1563 1583; x_wconf 83' lang='lat' dir='ltr'>moverat,</span> 
     </span>
     <span class='ocr_line' id='line_1_18' title="bbox 122 1609 1564 1678; baseline -0.002 -19"><span class='ocrx_word' id='word_1_146' title='bbox 122 1610 356 1661; x_wconf 83' lang='lat' dir='ltr'>dirimens:</span> <span class='ocrx_word' id='word_1_147' title='bbox 377 1634 400 1655; x_wconf 89' lang='lat'>«</span> <span class='ocrx_word' id='word_1_148' title='bbox 425 1611 535 1670; x_wconf 88' lang='lat' dir='ltr'>Sed,</span> <span class='ocrx_word' id='word_1_149' title='bbox 558 1611 621 1661; x_wconf 86' lang='lat' dir='ltr'>ait</span> <span class='ocrx_word' id='word_1_150' title='bbox 634 1649 645 1670; x_wconf 91' lang='lat'>,</span> <span class='ocrx_word' id='word_1_151' title='bbox 672 1611 961 1660; x_wconf 83' lang='lat' dir='ltr'>concedamus</span> <span class='ocrx_word' id='word_1_152' title='bbox 982 1609 1294 1678; x_wconf 87' lang='lat' dir='ltr'>Olympiadem</span> <span class='ocrx_word' id='word_1_153' title='bbox 1313 1609 1564 1676; x_wconf 87' lang='lat' dir='ltr'>quinquen-</span> 
     </span>
     <span class='ocr_line' id='line_1_19' title="bbox 125 1687 1565 1756; baseline -0.003 -18"><span class='ocrx_word' id='word_1_154' title='bbox 125 1712 148 1732; x_wconf 86' lang='lat'>»</span> <span class='ocrx_word' id='word_1_155' title='bbox 178 1687 319 1738; x_wconf 87' lang='lat' dir='ltr'>nalem</span> <span class='ocrx_word' id='word_1_156' title='bbox 334 1727 347 1748; x_wconf 89' lang='lat'><strong>‚</strong></span> <span class='ocrx_word' id='word_1_157' title='bbox 369 1701 412 1739; x_wconf 86' lang='lat' dir='ltr'>et</span> <span class='ocrx_word' id='word_1_158' title='bbox 425 1688 569 1738; x_wconf 88' lang='lat' dir='ltr'>lustro</span> <span class='ocrx_word' id='word_1_159' title='bbox 589 1691 797 1739; x_wconf 84' lang='lat' dir='ltr'>Romano</span> <span class='ocrx_word' id='word_1_160' title='bbox 815 1689 1026 1756; x_wconf 86' lang='lat' dir='ltr'>aequalem</span> <span class='ocrx_word' id='word_1_161' title='bbox 1048 1689 1186 1738; x_wconf 89' lang='lat' dir='ltr'>fuisse</span> <span class='ocrx_word' id='word_1_162' title='bbox 1201 1727 1213 1747; x_wconf 98' lang='lat'>,</span> <span class='ocrx_word' id='word_1_163' title='bbox 1239 1699 1399 1755; x_wconf 86' lang='lat' dir='ltr'>praeter</span> <span class='ocrx_word' id='word_1_164' title='bbox 1417 1687 1565 1735; x_wconf 87' lang='lat' dir='ltr'>decem</span> 
     </span>
     <span class='ocr_line' id='line_1_20' title="bbox 124 1766 1565 1818; baseline -0.001 -2"><span class='ocrx_word' id='word_1_165' title='bbox 124 1791 148 1811; x_wconf 69' lang='grc' dir='ltr'>υ</span> <span class='ocrx_word' id='word_1_166' title='bbox 174 1766 312 1817; x_wconf 84' lang='lat' dir='ltr'>lustra</span> <span class='ocrx_word' id='word_1_167' title='bbox 342 1768 432 1817; x_wconf 91' lang='lat' dir='ltr'>duo</span> <span class='ocrx_word' id='word_1_168' title='bbox 454 1768 559 1817; x_wconf 86' lang='lat' dir='ltr'>anni</span> <span class='ocrx_word' id='word_1_169' title='bbox 582 1782 832 1818; x_wconf 85' lang='lat' dir='ltr'>excurrunt.</span> <span class='ocrx_word' id='word_1_170' title='bbox 859 1769 943 1817; x_wconf 88' lang='lat' dir='ltr'>Sed</span> <span class='ocrx_word' id='word_1_171' title='bbox 969 1770 1054 1817; x_wconf 89' lang='lat' dir='ltr'>hoc</span> <span class='ocrx_word' id='word_1_172' title='bbox 1078 1788 1170 1816; x_wconf 89' lang='lat' dir='ltr'>non</span> <span class='ocrx_word' id='word_1_173' title='bbox 1190 1787 1290 1817; x_wconf 85' lang='lat' dir='ltr'>raro</span> <span class='ocrx_word' id='word_1_174' title='bbox 1314 1780 1482 1816; x_wconf 86' lang='lat' dir='ltr'>veteres</span> <span class='ocrx_word' id='word_1_175' title='bbox 1502 1767 1565 1815; x_wconf 88' lang='lat' dir='ltr'>fa-</span> 
     </span>
     <span class='ocr_line' id='line_1_21' title="bbox 124 1846 1561 1914; baseline 0 -19"><span class='ocrx_word' id='word_1_176' title='bbox 124 1868 148 1888; x_wconf 83' lang='lat'>»</span> <span class='ocrx_word' id='word_1_177' title='bbox 175 1846 324 1906; x_wconf 88' lang='lat' dir='ltr'>ciunt,</span> <span class='ocrx_word' id='word_1_178' title='bbox 350 1858 401 1902; x_wconf 76' lang='lat' dir='ltr'>,ut</span> <span class='ocrx_word' id='word_1_179' title='bbox 425 1866 605 1914; x_wconf 87' lang='lat' dir='ltr'>parvam</span> <span class='ocrx_word' id='word_1_180' title='bbox 627 1866 843 1896; x_wconf 88' lang='lat' dir='ltr'>summam</span> <span class='ocrx_word' id='word_1_181' title='bbox 866 1847 1170 1907; x_wconf 83' lang='lat' dir='ltr'>dissimulent,</span> <span class='ocrx_word' id='word_1_182' title='bbox 1202 1847 1401 1897; x_wconf 85' lang='lat' dir='ltr'>contenti</span> <span class='ocrx_word' id='word_1_183' title='bbox 1424 1846 1561 1895; x_wconf 88' lang='lat' dir='ltr'>mille-</span> 
     </span>
     <span class='ocr_line' id='line_1_22' title="bbox 127 1924 1564 1994; baseline -0.001 -20"><span class='ocrx_word' id='word_1_184' title='bbox 127 1946 150 1968; x_wconf 64' lang='lat'>»)</span> <span class='ocrx_word' id='word_1_185' title='bbox 176 1926 347 1985; x_wconf 84' lang='lat' dir='ltr'>uarios,</span> <span class='ocrx_word' id='word_1_186' title='bbox 363 1926 640 1975; x_wconf 88' lang='lat' dir='ltr'>centenarios</span> <span class='ocrx_word' id='word_1_187' title='bbox 653 1964 666 1985; x_wconf 84' lang='lat'>,</span> <span class='ocrx_word' id='word_1_188' title='bbox 681 1939 724 1975; x_wconf 90' lang='lat' dir='ltr'>et</span> <span class='ocrx_word' id='word_1_189' title='bbox 740 1927 943 1976; x_wconf 85' lang='lat' dir='ltr'>denarios</span> <span class='ocrx_word' id='word_1_190' title='bbox 958 1946 1124 1994; x_wconf 88' lang='lat' dir='ltr'>ponere</span> <span class='ocrx_word' id='word_1_191' title='bbox 1146 1947 1156 1985; x_wconf 80' lang='lat'>3</span> <span class='ocrx_word' id='word_1_192' title='bbox 1178 1927 1298 1994; x_wconf 88' lang='lat' dir='ltr'>quod</span> <span class='ocrx_word' id='word_1_193' title='bbox 1318 1946 1408 1975; x_wconf 92' lang='lat' dir='ltr'>non</span> <span class='ocrx_word' id='word_1_194' title='bbox 1431 1924 1564 1975; x_wconf 89' lang='lat' dir='ltr'>semel</span> 
     </span>
     <span class='ocr_line' id='line_1_23' title="bbox 129 2002 1565 2071; baseline 0.001 -22"><span class='ocrx_word' id='word_1_195' title='bbox 129 2023 150 2043; x_wconf 70' lang='lat'>&gt;³</span> <span class='ocrx_word' id='word_1_196' title='bbox 178 2019 202 2049; x_wconf 84' lang='lat' dir='ltr'>a</span> <span class='ocrx_word' id='word_1_197' title='bbox 223 2002 527 2053; x_wconf 86' lang='lat' dir='ltr'>Demosthene</span> <span class='ocrx_word' id='word_1_198' title='bbox 551 2003 718 2052; x_wconf 89' lang='lat' dir='ltr'>factum</span> <span class='ocrx_word' id='word_1_199' title='bbox 741 2004 1004 2053; x_wconf 85' lang='lat' dir='ltr'>notavimus.</span> <span class='ocrx_word' id='word_1_200' title='bbox 1034 2006 1190 2071; x_wconf 86' lang='lat' dir='ltr'>Itaque</span> <span class='ocrx_word' id='word_1_201' title='bbox 1212 2004 1401 2071; x_wconf 83' lang='lat' dir='ltr'>ipsemet·</span> <span class='ocrx_word' id='word_1_202' title='bbox 1425 2003 1565 2051; x_wconf 82' lang='lat' dir='ltr'>inter-</span> 
     </span>
     <span class='ocr_line' id='line_1_24' title="bbox 133 2080 1570 2145; baseline -0.001 -18"><span class='ocrx_word' id='word_1_203' title='bbox 133 2101 153 2120; x_wconf 90' lang='lat'>»</span> <span class='ocrx_word' id='word_1_204' title='bbox 179 2090 381 2145; x_wconf 57' lang='lat' dir='ltr'>pretatln·</span> <span class='ocrx_word' id='word_1_205' title='bbox 401 2091 590 2128; x_wconf 85' lang='lat' dir='ltr'>mentem</span> <span class='ocrx_word' id='word_1_206' title='bbox 627 2099 751 2143; x_wconf 88' lang='lat' dir='ltr'>suam</span> <span class='ocrx_word' id='word_1_207' title='bbox 781 2081 911 2130; x_wconf 86' lang='lat' dir='ltr'>initio</span> <span class='ocrx_word' id='word_1_208' title='bbox 939 2081 1145 2130; x_wconf 85' lang='lat' dir='ltr'>carminis</span> <span class='ocrx_word' id='word_1_209' title='bbox 1177 2081 1223 2129; x_wconf 91' lang='lat' dir='ltr'>in</span> <span class='ocrx_word' id='word_1_210' title='bbox 1251 2081 1381 2139; x_wconf 89' lang='lat' dir='ltr'>Ibin,</span> <span class='ocrx_word' id='word_1_211' title='bbox 1406 2080 1485 2129; x_wconf 88' lang='lat' dir='ltr'>ubi</span> <span class='ocrx_word' id='word_1_212' title='bbox 1508 2080 1570 2127; x_wconf 75' lang='lat' dir='ltr'>his</span> 
     </span>
     <span class='ocr_line' id='line_1_25' title="bbox 132 2157 1570 2226; baseline 0 -21"><span class='ocrx_word' id='word_1_213' title='bbox 132 2180 153 2199; x_wconf 77' lang='lat' dir='ltr'>n</span> <span class='ocrx_word' id='word_1_214' title='bbox 181 2157 355 2224; x_wconf 75' lang='lat' dir='ltr'>quinque</span> <span class='ocrx_word' id='word_1_215' title='bbox 374 2158 503 2207; x_wconf 82' lang='lat' dir='ltr'>lustra</span> <span class='ocrx_word' id='word_1_216' title='bbox 520 2159 609 2208; x_wconf 86' lang='lat' dir='ltr'>sibi</span> <span class='ocrx_word' id='word_1_217' title='bbox 621 2172 798 2226; x_wconf 87' lang='lat' dir='ltr'>peracta</span> <span class='ocrx_word' id='word_1_218' title='bbox 814 2160 943 2219; x_wconf 84' lang='lat' dir='ltr'>dicit,</span> <span class='ocrx_word' id='word_1_219' title='bbox 966 2161 1054 2209; x_wconf 89' lang='lat' dir='ltr'>hoc</span> <span class='ocrx_word' id='word_1_220' title='bbox 1073 2173 1139 2210; x_wconf 87' lang='lat' dir='ltr'>est</span> <span class='ocrx_word' id='word_1_221' title='bbox 1153 2198 1164 2218; x_wconf 91' lang='lat'>,</span> <span class='ocrx_word' id='word_1_222' title='bbox 1186 2179 1231 2209; x_wconf 92' lang='lat' dir='ltr'>se</span> <span class='ocrx_word' id='word_1_223' title='bbox 1247 2174 1273 2208; x_wconf 89' lang='lat' dir='ltr'>L</span> <span class='ocrx_word' id='word_1_224' title='bbox 1287 2179 1451 2209; x_wconf 87' lang='lat' dir='ltr'>annum</span> <span class='ocrx_word' id='word_1_225' title='bbox 1470 2158 1570 2206; x_wconf 79' lang='lat' dir='ltr'>vitae</span> 
     </span>
     <span class='ocr_line' id='line_1_26' title="bbox 131 2235 1568 2306; baseline 0.001 -24"><span class='ocrx_word' id='word_1_226' title='bbox 131 2256 154 2276; x_wconf 88' lang='lat'>»</span> <span class='ocrx_word' id='word_1_227' title='bbox 181 2235 432 2302; x_wconf 82' lang='lat' dir='ltr'>peregisse,</span> <span class='ocrx_word' id='word_1_228' title='bbox 466 2254 604 2302; x_wconf 91' lang='lat' dir='ltr'>quum</span> <span class='ocrx_word' id='word_1_229' title='bbox 627 2235 701 2285; x_wconf 90' lang='lat' dir='ltr'>illa</span> <span class='ocrx_word' id='word_1_230' title='bbox 724 2238 957 2297; x_wconf 87' lang='lat' dir='ltr'>scriberet,</span> <span class='ocrx_word' id='word_1_231' title='bbox 989 2238 1136 2306; x_wconf 90' lang='lat' dir='ltr'>primo</span> <span class='ocrx_word' id='word_1_232' title='bbox 1162 2257 1278 2287; x_wconf 87' lang='lat' dir='ltr'>anno</span> <span class='ocrx_word' id='word_1_233' title='bbox 1303 2235 1446 2286; x_wconf 86' lang='lat' dir='ltr'>exsilii</span> <span class='ocrx_word' id='word_1_234' title='bbox 1472 2235 1541 2284; x_wconf 85' lang='lat' dir='ltr'>sui</span> <span class='ocrx_word' id='word_1_235' title='bbox 1557 2273 1568 2290; x_wconf 86' lang='lat'>,</span> 
     </span>
     <span class='ocr_line' id='line_1_27' title="bbox 130 2314 1568 2382; baseline 0.001 -21"><span class='ocrx_word' id='word_1_236' title='bbox 130 2335 154 2355; x_wconf 89' lang='lat'>»</span> <span class='ocrx_word' id='word_1_237' title='bbox 182 2314 371 2380; x_wconf 86' lang='lat' dir='ltr'>quierat</span> <span class='ocrx_word' id='word_1_238' title='bbox 391 2315 548 2363; x_wconf 86' lang='lat' dir='ltr'>tertius</span> <span class='ocrx_word' id='word_1_239' title='bbox 567 2327 612 2363; x_wconf 90' lang='lat' dir='ltr'>et</span> <span class='ocrx_word' id='word_1_240' title='bbox 630 2315 1024 2382; x_wconf 88' lang='lat' dir='ltr'>quinquagesimus</span> <span class='ocrx_word' id='word_1_241' title='bbox 1044 2335 1223 2366; x_wconf 88' lang='lat' dir='ltr'>currens</span> <span class='ocrx_word' id='word_1_242' title='bbox 1247 2323 1264 2341; x_wconf 84' lang='lat'><em>²</em></span> <span class='ocrx_word' id='word_1_243' title='bbox 1288 2315 1428 2365; x_wconf 83' lang='lat' dir='ltr'>aetatis</span> <span class='ocrx_word' id='word_1_244' title='bbox 1448 2314 1541 2379; x_wconf 84' lang='lat' dir='ltr'>ejus</span> <span class='ocrx_word' id='word_1_245' title='bbox 1558 2351 1568 2371; x_wconf 88' lang='lat'>‚</span> 
     </span>
     <span class='ocr_line' id='line_1_28' title="bbox 131 2391 1565 2452; baseline 0.001 -13"><span class='ocrx_word' id='word_1_246' title='bbox 131 2413 153 2433; x_wconf 90' lang='lat'>»</span> <span class='ocrx_word' id='word_1_247' title='bbox 185 2391 269 2440; x_wconf 80' lang='lat' dir='ltr'>Ch.</span> <span class='ocrx_word' id='word_1_248' title='bbox 287 2392 424 2441; x_wconf 89' lang='lat' dir='ltr'>Dion.</span> <span class='ocrx_word' id='word_1_249' title='bbox 445 2407 499 2451; x_wconf 82' lang='lat' dir='ltr'>x,</span> <span class='ocrx_word' id='word_1_250' title='bbox 517 2393 569 2440; x_wconf 91' lang='lat' dir='ltr'>P.</span> <span class='ocrx_word' id='word_1_251' title='bbox 588 2393 726 2441; x_wconf 90' lang='lat' dir='ltr'>Corn.</span> <span class='ocrx_word' id='word_1_252' title='bbox 745 2392 1003 2452; x_wconf 87' lang='lat' dir='ltr'>Dolabella,</span> <span class='ocrx_word' id='word_1_253' title='bbox 1026 2396 1075 2444; x_wconf 91' lang='lat' dir='ltr'>C.</span> <span class='ocrx_word' id='word_1_254' title='bbox 1093 2396 1121 2443; x_wconf 87' lang='lat' dir='ltr'><strong>J</strong></span> <span class='ocrx_word' id='word_1_255' title='bbox 1126 2395 1231 2443; x_wconf 90' lang='lat' dir='ltr'>unio</span> <span class='ocrx_word' id='word_1_256' title='bbox 1245 2393 1395 2442; x_wconf 89' lang='lat' dir='ltr'>Silano</span> <span class='ocrx_word' id='word_1_257' title='bbox 1414 2411 1525 2440; x_wconf 86' lang='lat' dir='ltr'>coss.</span> <span class='ocrx_word' id='word_1_258' title='bbox 1544 2415 1565 2433; x_wconf 87' lang='lat'>»</span> 
     </span>
    </p>

    <p class='ocr_par' dir='ltr' id='par_1_4' title="bbox 223 2465 1570 2537">
     <span class='ocr_line' id='line_1_29' title="bbox 223 2465 1570 2537; baseline 0 -20"><span class='ocrx_word' id='word_1_259' title='bbox 223 2469 459 2537; x_wconf 82' lang='lat' dir='ltr'>Perperam</span> <span class='ocrx_word' id='word_1_260' title='bbox 480 2489 586 2534; x_wconf 82' lang='lat' dir='ltr'>ergo</span> <span class='ocrx_word' id='word_1_261' title='bbox 605 2470 659 2518; x_wconf 90' lang='lat' dir='ltr'>cl.</span> <span class='ocrx_word' id='word_1_262' title='bbox 682 2465 827 2519; x_wconf 84' lang='lat' dir='ltr'>David</span> <span class='ocrx_word' id='word_1_263' title='bbox 848 2470 1112 2520; x_wconf 86' lang='lat' dir='ltr'>Blondellus</span> <span class='ocrx_word' id='word_1_264' title='bbox 1134 2470 1148 2496; x_wconf 73' lang='lat'>³</span> <span class='ocrx_word' id='word_1_265' title='bbox 1167 2470 1325 2519; x_wconf 89' lang='lat' dir='ltr'>asserit</span> <span class='ocrx_word' id='word_1_266' title='bbox 1340 2509 1352 2528; x_wconf 94' lang='lat'>,</span> <span class='ocrx_word' id='word_1_267' title='bbox 1378 2468 1570 2531; x_wconf 85' lang='lat' dir='ltr'>Scalige—</span> 
     </span>
    </p>
   </div>
   <div class='ocr_carea' id='block_1_3' title="bbox 173 2604 531 2651">
    <p class='ocr_par' dir='ltr' id='par_1_5' title="bbox 173 2604 531 2651">
     <span class='ocr_line' id='line_1_30' title="bbox 173 2604 531 2651; baseline 0.006 -13"><span class='ocrx_word' id='word_1_268' title='bbox 173 2606 184 2625; x_wconf 91' lang='lat'>¹</span> <span class='ocrx_word' id='word_1_269' title='bbox 210 2604 303 2639; x_wconf 90' lang='lat' dir='ltr'>Loco</span> <span class='ocrx_word' id='word_1_270' title='bbox 321 2617 397 2651; x_wconf 84' lang='lat' dir='ltr'>sup.</span> <span class='ocrx_word' id='word_1_271' title='bbox 414 2605 531 2640; x_wconf 84' lang='lat' dir='ltr'>citato.</span> 
     </span>
    </p>
   </div>
   <div class='ocr_carea' id='block_1_4' title="bbox 128 2654 1574 2767">
    <p class='ocr_par' dir='ltr' id='par_1_6' title="bbox 128 2654 1574 2767">
     <span class='ocr_line' id='line_1_31' title="bbox 171 2654 1574 2714; baseline 0.001 -15"><span class='ocrx_word' id='word_1_272' title='bbox 171 2666 187 2686; x_wconf 84' lang='lat'><em>²</em></span> <span class='ocrx_word' id='word_1_273' title='bbox 210 2664 350 2701; x_wconf 88' lang='lat' dir='ltr'>Scilicet</span> <span class='ocrx_word' id='word_1_274' title='bbox 367 2679 385 2700; x_wconf 82' lang='lat' dir='ltr'>a</span> <span class='ocrx_word' id='word_1_275' title='bbox 403 2677 450 2701; x_wconf 83' lang='lat' dir='ltr'>xx</span> <span class='ocrx_word' id='word_1_276' title='bbox 475 2667 599 2703; x_wconf 82' lang='lat' dir='ltr'>Martii</span> <span class='ocrx_word' id='word_1_277' title='bbox 618 2667 673 2703; x_wconf 91' lang='lat' dir='ltr'>die</span> <span class='ocrx_word' id='word_1_278' title='bbox 689 2694 698 2712; x_wconf 85' lang='lat'>,</span> <span class='ocrx_word' id='word_1_279' title='bbox 726 2654 782 2703; x_wconf 81' lang='lat' dir='ltr'>an.</span> <span class='ocrx_word' id='word_1_280' title='bbox 807 2668 855 2703; x_wconf 91' lang='lat' dir='ltr'>U.</span> <span class='ocrx_word' id='word_1_281' title='bbox 874 2666 917 2702; x_wconf 91' lang='lat' dir='ltr'>C.</span> <span class='ocrx_word' id='word_1_282' title='bbox 935 2678 1120 2713; x_wconf 75' lang='lat' dir='ltr'>nccmssn,</span> <span class='ocrx_word' id='word_1_283' title='bbox 1138 2681 1208 2714; x_wconf 86' lang='lat' dir='ltr'>quo</span> <span class='ocrx_word' id='word_1_284' title='bbox 1224 2681 1309 2704; x_wconf 86' lang='lat' dir='ltr'>coss.</span> <span class='ocrx_word' id='word_1_285' title='bbox 1325 2667 1471 2703; x_wconf 83' lang='lat' dir='ltr'>fuerunt</span> <span class='ocrx_word' id='word_1_286' title='bbox 1491 2667 1538 2702; x_wconf 86' lang='lat' dir='ltr'>illi</span> <span class='ocrx_word' id='word_1_287' title='bbox 1556 2681 1574 2701; x_wconf 79' lang='lat' dir='ltr'>a</span> 
     </span>
     <span class='ocr_line' id='line_1_32' title="bbox 128 2721 438 2767; baseline 0.003 -10"><span class='ocrx_word' id='word_1_288' title='bbox 128 2721 170 2758; x_wconf 86' lang='lat' dir='ltr'>cl.</span> <span class='ocrx_word' id='word_1_289' title='bbox 187 2721 262 2757; x_wconf 81' lang='lat' dir='ltr'>viro</span> <span class='ocrx_word' id='word_1_290' title='bbox 279 2722 438 2767; x_wconf 79' lang='lat' dir='ltr'>adpositi.</span> 
     </span>
    </p>
   </div>
   <div class='ocr_carea' id='block_1_5' title="bbox 174 2781 603 2830">
    <p class='ocr_par' dir='ltr' id='par_1_7' title="bbox 174 2781 603 2830">
     <span class='ocr_line' id='line_1_33' title="bbox 174 2781 603 2830; baseline 0.005 -12"><span class='ocrx_word' id='word_1_291' title='bbox 174 2781 188 2803; x_wconf 82' lang='lat'>³</span> <span class='ocrx_word' id='word_1_292' title='bbox 212 2783 460 2820; x_wconf 75' lang='lat' dir='ltr'>Anti-Baton.</span> <span class='ocrx_word' id='word_1_293' title='bbox 474 2785 534 2820; x_wconf 84' lang='lat' dir='ltr'>fol.</span> <span class='ocrx_word' id='word_1_294' title='bbox 554 2788 603 2830; x_wconf 77' lang='lat'>14.</span> 
     </span>
    </p>
   </div>
  </div>
 </body>
</html>
