1794 3100
270 223 329 278 44

646 226 698 269 Ρ.
736 226 973 271 OVIDII
1005 227 1306 274 NASONIS

253 316 444 366 'Nudave
471 316 648 385 derepta
669 331 852 386 pateant
867 332 943 370 tua
965 322 1128 388 viscera
1148 322 1263 388 pelle
1276 360 1288 381 ‚

331 397 394 443 Ut
416 396 658 462 Phrygium
681 398 805 463 cujus
825 399 1003 447 nomina
1021 399 1183 448 flumen
1205 401 1352 449 habet.

267 473 459 523 Saxificae
480 475 625 524 videas
648 476 800 525 infelix
823 497 898 526 ora
923 479 1141 537 Medusae,

1619 492 1687 528 555

335 551 593 617 Cephenum
613 553 777 604 multos
800 574 896 622 quae
917 556 1036 604 dedit
1057 575 1145 605 una
1165 557 1274 605 neci.

268 629 534 678 Potniadum
558 651 730 680 morsus
753 632 935 692 subeas,
957 645 1009 682 ut
1034 633 1249 692 Glaucus,
1274 651 1517 700 equarum3

335 708 476 773 Inque
499 708 630 757 maris
656 708 804 767 salias,
830 709 1023 759 Glaucus
1044 722 1096 758 ut
1120 710 1252 769 alter,
1279 729 1427 777 aquas.

270 785 422 849 thue
443 785 620 834 duobus
644 786 759 834 idem
783 786 911 835 dictis
935 787 1069 835 modo
1091 806 1254 836 nomen
1275 787 1454 837 habenti
1468 825 1481 846 ‚

333 862 578 912 Praefocent
601 864 752 913 animae
775 864 941 913 Gnosia
962 864 1090 913 mella
1110 865 1238 912 viam.

1627 876 1693 913 560

269 939 559 1007 Sollicitoque
577 941 706 990 bibas
721 979 732 999 ‚
757 942 895 1008 Anyti
920 942 1200 991 doctissimus
1224 941 1332 990 olim

333 1018 663 1083 Imperturbato
686 1018 807 1084 quod
830 1018 950 1067 bibit
972 1037 1046 1067 ore
1069 1037 1184 1067 reus.

271 1097 363 1144 Nec
388 1095 494 1155 tibi,
520 1097 557 1145 si
583 1097 691 1163 quid
715 1116 832 1146 amas
848 1135 860 1156 ‚
884 1096 1052 1146 felicius
1073 1098 1284 1145 Haemone
1306 1095 1455 1155 cedat,

339 1173 490 1238 thue
515 1192 596 1221 sua
619 1174 848 1221 Macareus
863 1211 875 1231 ‚
902 1173 965 1221 sic
990 1173 1161 1239 potiare
1184 1183 1271 1220 tua.

275 1245 357 1294 Vel
379 1247 525 1296 videas
540 1286 551 1304 ‚
582 1249 702 1314 quod
720 1249 827 1313 jam,
853 1267 989 1314 quum
1010 1247 1190 1296 flammae
1213 1258 1369 1295 cuncta
1392 1258 1610 1305 tenerent,
1628 1259 1694 1295 565

287 1352 291 1355 ·
339 1324 584 1372 Hectoreus
607 1325 748 1390 patria
770 1324 881 1372 vidit
904 1325 960 1373 ab
989 1343 1084 1373 arce
1107 1322 1229 1390 puer.
1447 1321 1451 1323 ’

323 1434 395 1469 553.
408 1435 545 1469 Nudave
558 1441 621 1468 etc.
634 1434 804 1482 Marsyas,
814 1434 923 1470 victus
936 1448 955 1469 a

278 1486 425 1529 Phoebo,
441 1486 528 1531 pelle
545 1493 666 1522 exutus
678 1513 687 1530 ‚
704 1500 835 1521 nomen
848 1487 956 1521 fluvio

279 1539 388 1583 dedit,
402 1539 444 1574 de
458 1553 527 1584 quo
541 1552 653 1584 supra.
667 1539 958 1585 Dom.—-Dt‘repta

275 1592 375 1635 pelle.
394 1593 558 1636 Dempta,
582 1591 625 1625 de
643 1603 713 1636 quo
729 1591 819 1626 alibi.
834 1592 883 1625 H.

327 1646 400 1687 554.
429 1646 618 1691 Phrygium.
641 1646 784 1690 Phrygii
805 1643 958 1689 plerique

282 1695 399 1741 scripti
416 1703 451 1730 et
469 1695 650 1731 editiones.

328 1750 402 1783 555.
428 1749 582 1794 Saxg'ficoe
596 1750 723 1783 videas.
740 1749 888 1784 Perseus
899 1774 908 1791 ,
926 1747 962 1782 li-

284 1799 404 1834 berata
432 1800 660 1835 Andromeda
677 1827 686 1841 ‚
717 1813 798 1835 cum
824 1800 961 1835 Phineo

284 1853 453 1896 certavit,
478 1853 533 1888 cui
560 1860 640 1887 ante
663 1853 830 1898 promissa
846 1853 962 1887 fuerat

287 1903 517 1938 Andromeda
530 1930 539 1947 ‚
561 1912 596 1939 et
614 1918 716 1948 eum,
734 1904 797 1949 ipsi
813 1903 926 1948 puella
944 1916 963 1937 a

286 1956 486 2001 parentibus
503 1956 653 2001 pollicita
670 1957 708 1990 in
726 1969 870 1990 uxorem
888 1982 897 1999 ,
924 1956 962 1989 in

287 2010 533 2052 saxumyertit
554 2036 562 2053 ,
593 2017 714 2055 utpote
738 2009 810 2043 vim
833 2009 963 2043 inferre

287 2063 460 2097 nitentem
479 2089 488 2106 ,
525 2062 781 2108 Cephenosque
820 2062 964 2107 populos

285 2114 318 2149 ei
336 2123 497 2160 parentes
510 2141 519 2158 ,
539 2122 578 2150 ut
596 2115 743 2150 Ovidius
764 2115 801 2149 in
817 2115 964 2148 Metam.
997 2127 1000 2130 “

288 2167 345 2202 lib.
364 2168 408 2201 V.

333 2222 407 2266 557.
426 2221 625 2255 Potniadum
652 2233 791 2254 morsus.
815 2219 966 2254 Glaucus

289 2288 306 2308 e
321 2274 448 2308 Potnia
464 2274 598 2308 civitate
610 2299 619 2317 ,
639 2286 747 2318 quum
760 2273 909 2307 Veneris
918 2285 966 2306 sa-

289 2339 346 2359 cra
363 2332 565 2370 sperneret,
587 2325 656 2360 suis
680 2325 832 2370 equabus
850 2339 869 2359 a
890 2325 967 2358 Dea

290 2377 390 2410 furor
407 2377 580 2411 immissus
592 2383 644 2411 est
658 2389 666 2411 :
682 2390 700 2410 a
715 2377 838 2421 quibus
856 2388 967 2421 quum

291 2428 489 2471 veheretur,
502 2428 674 2463 morsibus
687 2435 738 2462 est
752 2427 965 2470 dilaceratus,

293 2482 431 2526 utVirg.
444 2482 480 2515 in
491 2482 547 2516 ΙΙΙ
557 2481 686 2527 Georg.
699 2481 814 2524 docet,
825 2481 885 2526 267
895 2493 968 2525 sqq.

338 2535 411 2568 558.
423 2537 523 2579 Inque
533 2539 636 2569 maris
646 2538 769 2569 salsas.
781 2534 931 2569 Glaucus
942 2534 968 2568 is

294 2586 441 2631 piscator
465 2586 628 2621 ardenter
644 2586 794 2634 Scyllam
818 2587 968 2630 amavit,

296 2638 354 2682 qui
370 2638 404 2671 in
419 2637 573 2672 Euboica
591 2639 743 2672 Andone
759 2638 866 2673 herba
885 2651 972 2682 qua-

294 2690 374 2723 dam
393 2696 524 2735 gustata
541 2716 550 2733 ‚
575 2689 768 2724 incredibili
784 2690 970 2737 cupiditate

293 2754 328 2775 se
346 2740 380 2774 in
399 2754 495 2775 mare
515 2741 682 2786 projecit,
706 2748 740 2775 et
765 2755 783 2775 a
805 2742 970 2786 Neptuno

1020 1435 1219 1480 caeterisque
1236 1435 1312 1470 Diis
1327 1435 1470 1470 marinis
1486 1435 1584 1470 Deus
1598 1434 1695 1470 effe—

1021 1495 1095 1522 ctus
1106 1495 1176 1530 est,
1192 1494 1330 1522 auctore
1343 1486 1449 1522 Ovid.
1461 1486 1498 1521 in
1509 1487 1598 1522 XIV
1608 1487 1698 1522 Met.

1067 1542 1142 1586 559.
1155 1541 1261 1584 thue
1270 1541 1397 1573 duobus
1408 1541 1505 1573 idem.
1517 1539 1614 1574 Alius
1623 1538 1699 1584 qui-

1022 1593 1103 1627 dam
1116 1591 1266 1626 Glaucus
1277 1617 1286 1635 ,
1305 1590 1483 1626 Cretensis
1501 1592 1608 1635 (nam
1626 1590 1698 1639 plu-

1022 1658 1077 1679 res
1089 1644 1209 1679 Glauci
1222 1641 1411 1688 fuerunt),
1424 1643 1468 1677 ob
1478 1642 1649 1678 lasciviam
1661 1642 1700 1677 in

1024 1698 1130 1732 filiam
1140 1702 1314 1731 venenato
1324 1695 1426 1729 melle
1438 1695 1624 1730 exstinctus
1633 1701 1699 1737 est;

1026 1751 1104 1785 vide
1118 1750 1305 1798 'Hyginum
1319 1775 1328 1792 ‚
1348 1748 1432 1783 Fab.
1450 1748 1522 1782 136.

1070 1803 1145 1838 560.
1165 1804 1278 1837 Noxia
1297 1803 1407 1836 mella.
1432 1803 1565 1835 Gnosia
1585 1800 1698 1846 pleri-

1027 1869 1094 1902 que
1107 1861 1252 1890 veteres.
1268 1854 1402 1888 Hlmffs.

1071 1907 1146 1943 561.
1162 1909 1274 1952 Anyti
1284 1907 1497 1939 docmmnus
1513 1906 1603 1940 olim.
1623 1905 1702 1938 Ve-

1026 1969 1117 1997 teres
1146 1959 1302 2005 plerique
1329 1961 1453 1998 veluti.
1483 1971 1526 1993 an
1546 1959 1669 2005 Melyti
1685 1957 1706 1992 ?

1026 2021 1098 2048 tam
1115 2013 1211 2047 enim
1227 2010 1354 2058 Melyti
1371 2023 1477 2056 quam
1497 2009 1607 2057 Anyti
1624 2021 1705 2044 reus

1028 2063 1347 2100 Socrates.'H13ms.

1074 2114 1148 2148 563.
1161 2115 1327 2147 Hoemone.
1346 2112 1500 2146 Haemon
1512 2136 1522 2155 ‚
1543 2109 1705 2145 Creontis

1029 2167 1283 2201 Thebanorum
1309 2163 1399 2209 regis
1423 2163 1533 2206 filius,
1562 2161 1705 2205 Antigo-
1774 2202 1776 2206 ,

1028 2232 1111 2254 nem
1121 2246 1130 2261 ‚
1155 2216 1277 2263 OEdipi
1294 2216 1488 2251 etJocastae
1497 2214 1604 2248 filiam
1615 2239 1624 2256 ,
1637 2212 1701 2247 sibi

1029 2272 1236 2316 desponsam
1250 2295 1259 2312 ‚
1280 2276 1354 2303 tam
1374 2265 1562 2311 impotenti
1586 2276 1705 2299 amore

1030 2324 1203 2370 deperiit,
1229 2330 1266 2357 ut
1292 2321 1334 2356 ad
1357 2326 1504 2354 mortuae
1529 2317 1706 2353 tumulum

1030 2389 1103 2411 sese
1121 2373 1347 2409 interfecerit.

1077 2427 1150 2469 564.
1170 2427 1278 2470 thue
1290 2436 1354 2457 sua
1368 2423 1557 2456 Macareus.
1575 2417 1710 2464 Insigni

1034 2478 1202 2513 dedecore
1223 2481 1326 2510 notus
1347 2480 1397 2508 est
1421 2473 1464 2506 ob
1485 2470 1710 2507 concubitum

1036 2530 1190 2565 Canaces
1208 2526 1336 2562 sororis
1354 2538 1363 2559 :
1384 2524 1533 2558 eandem
1551 2522 1710 2568 turpitu-

1034 2582 1154 2616 dinem
1170 2578 1258 2614 lbidi
1273 2578 1494 2622 imprecatur.
1508 2573 1711 2610 Bon—Tu

1028 2637 1167 2679 potiare.
1183 2633 1239 2666 Sic
1249 2633 1380 2675 potiare
1395 2629 1521 2674 scripti.
1535 2628 1666 2662 Hssms.

1077 2685 1149 2720 566.
1174 2685 1267 2717 Vidit
1286 2684 1330 2715 ab
1348 2684 1426 2715 urbe
1448 2693 1540 2725 puer.
1559 2680 1615 2714 Ab
1634 2688 1712 2711 arce

1033 2737 1184 2782 quinque
1202 2741 1345 2770 veteres,
