1794 3100
251 215 334 259 252
550 231 560 238 ·
610 215 974 260 HERCULIS
1008 217 1313 262 CIOFANI

381 308 519 343 SVLMO-
542 317 672 342 FIDEM·
694 317 794 342 REGI.
816 315 949 342 VITAM.
972 318 1053 343 SIBI.
1078 318 1265 345 PRAESTAT.
1290 316 1476 345 AMOE'NAM.

385 369 628 403 PAVPERIBVS.
653 378 833 410 REQVIEM.
857 377 1025 404 VENIENS-
1049 380 1119 405 HIS.
1145 378 1328 404 CONSPICE.
1352 379 1511 406 PLERAM·

249 452 383 499 Numi
398 451 505 499 olim
519 488 530 508 ‚
557 470 691 516 quum
707 450 789 499 sub
803 470 920 498 mero
935 469 1085 513 regum
1104 451 1286 517 imperio
1305 463 1436 509 esset,
1461 452 1662 521 (quippe

250 529 376 576 annis
398 527 554 576 abhinc
578 526 680 593 plus
700 527 844 575 minus
869 527 1184 593 quinquaginta
1211 528 1506 593 Lannojorum
1534 530 1658 596 prin-

250 603 396 668 cipum
435 603 565 651 misto
598 614 722 667 paret
755 602 938 668 imperio
963 640 974 660 ,
1013 622 1200 668 quorum
1229 622 1347 651 nuuc
1381 605 1661 662 HORATIUS,

251 679 429 745 ejusque
449 677 565 725 filius
582 678 840 726 PHILIPPUS
859 690 961 726 sunt
979 675 1263 745 superstites)
1283 691 1369 727 tam
1387 681 1505 738 aerei,
1532 701 1662 748 quam

251 754 466 817 argentei,
492 765 625 819 atque
653 754 802 811 aurei,
830 774 1015 819 quorum
1043 755 1285 804 nonnullos
1315 756 1447 805 hodie
1482 757 1663 823 reperiri

251 833 473 889 videmus,
505 830 716 879 Sulmone
754 831 1036 880 cudebantur.
1076 833 1205 880 Unde
1233 834 1379 899 ipsum
1403 853 1425 882 a
1452 834 1630 896 regibus
1649 872 1663 892 ‚

252 910 328 977 qui
362 921 506 958 aestate
537 909 610 956 hic
642 909 1023 957 commorabantur
1039 947 1050 967 ‚
1079 928 1249 976 semper
1272 909 1450 976 plurimi
1477 929 1569 960 esse
1594 909 1664 960 fa·-

251 999 367 1036 ctum
390 987 487 1053 quis
509 1005 601 1034 non
625 986 863 1051 opinetur?
880 988 929 1034 L.
951 985 1129 1043 Florus,
1151 986 1202 1034 de
1220 985 1341 1034 bello
1363 987 1584 1046 Mariano,
1603 988 1665 1038 sic

253 1065 304 1113 de
330 1064 538 1113 Sulmone
560 1063 697 1112 literis
717 1062 985 1126 consignavit
1005 1085 1014 1111 :
1038 1087 1059 1106 «
1077 1064 1259 1120 Positis,
1279 1064 1449 1131 inquit,
1467 1066 1665 1129 singulo-

255 1164 277 1183 »
297 1161 395 1189 rum
408 1140 637 1189 hominum
654 1141 741 1189 fere
754 1141 911 1207 poenis,
921 1141 1156 1207 municipia
1168 1140 1302 1189 Italiae
1314 1141 1663 1207 splendidissima

255 1240 278 1260 »
302 1218 385 1266 sub
408 1218 532 1266 hasta
550 1218 777 1266 venierunt
798 1238 807 1265 :
826 1217 1069 1284 Spoletium
1085 1255 1096 1275 ‚
1120 1221 1365 1267 Interamna
1382 1256 1394 1277 ‚
1420 1220 1662 1277 Praeneste,

255 1317 278 1336 ν
300 1294 514 1343 Fluentia.
539 1297 650 1342 Nam
668 1295 919 1343 Sulmonem
932 1332 944 1352 ‚
964 1307 1088 1343 vetus
1109 1295 1318 1362 oppidum
1344 1294 1511 1343 socium
1532 1307 1665 1362 atque

256 1391 277 1411 υ
299 1371 485 1418 amicum
510 1370 708 1435 (facinus
738 1371 1023 1435 indignum),
1049 1371 1247 1419 nondum
1269 1383 1588 1437 expugnatum,
1613 1383 1666 1419 ut

257 1468 279 1488 »
302 1446 479 1495 obsides
495 1447 591 1512 jure
604 1447 708 1495 belli
726 1447 880 1506 modo,
905 1460 947 1496 et
964 1460 1105 1496 morte
1120 1448 1308 1497 damnati
1327 1449 1425 1497 duci
1438 1449 1664 1513 jubentur,

258 1544 278 1562 »
302 1521 363 1569 sic
386 1521 629 1570 damnatam
654 1522 868 1571 civitatem
886 1524 1016 1588 jussit
1039 1523 1157 1590 Sylla
1181 1523 1326 1572 deleri.
1358 1547 1380 1567 »
1405 1525 1554 1590 Atque
1579 1525 1666 1573 hoc

253 1610 319 1646 est
338 1598 520 1647 fortasse
534 1637 546 1657 ‚
569 1600 689 1665 quod
710 1600 770 1647 ait
791 1612 919 1666 poeta
945 1613 1118 1658 noster,
1141 1601 1274 1649 Trist.
1291 1602 1358 1658 ΙΙ,
1381 1599 1468 1649 321
1483 1638 1495 1659 ‚
1515 1600 1666 1650 dolens

255 1695 299 1725 se
318 1696 387 1725 res
411 1689 553 1739 gestas
573 1678 875 1726 Romanorum
895 1689 939 1726 et
963 1678 1113 1744 patriae
1136 1697 1227 1726 non
1251 1678 1565 1744 conscripsisse
1586 1699 1597 1726 ε

471 1777 552 1811 Non
568 1776 656 1811 mihi
672 1777 852 1811 materiam
872 1777 1028 1811 bellatrix
1046 1778 1160 1811 Roma
1175 1778 1324 1823 negabat
1339 1802 1349 1819 ,

512 1832 559 1866 Et
575 1832 651 1877 pius
667 1839 718 1867 est
732 1833 850 1877 patriae
866 1832 955 1867 facta
971 1832 1101 1867 referre
1118 1832 1225 1867 labor.

255 1908 498 1957 Possumus
519 1922 724 1975 praeterea
748 1911 959 1974 conjicere
980 1922 1151 1976 poetam
1175 1922 1380 1958 nostrum
1406 1929 1458 1957 eo
1481 1910 1667 1958 carmine

256 1984 381 2033 etiam
403 1986 643 2049 significare
662 1986 851 2035 voluisse
867 2025 879 2044 ‚
902 1987 1024 2053 quod
1039 1999 1231 2035 recenset
1248 1988 1404 2045 Caesar‚
1421 1989 1458 2045 I,
1474 2005 1567 2053 cap.
1595 1986 1669 2044 18,

256 2059 309 2107 de
322 2061 446 2109 Bello
461 2061 604 2119 Civili,
617 2062 696 2110 ubi
714 2063 774 2110 ita
789 2075 867 2111 est.
892 2086 914 2105 «
932 2059 1112 2112 Interim
1127 2064 1284 2112 Caesari
1301 2064 1548 2121 nuntiatur,
1568 2061 1669 2111 Sul-

255 2157 483 2188 monenses
497 2178 509 2198 ,
530 2140 649 2206 quod
665 2139 878 2205 oppidum
893 2160 916 2188 a
932 2139 1130 2189 Corfinio
1151 2151 1316 2206 septem
1334 2138 1520 2187 millium
1537 2139 1670 2186 inter-

256 2214 368 2262 vallo
401 2216 550 2274 abest,
578 2234 735 2282 cupere
758 2235 805 2263 ea
828 2216 991 2273 facere,
1019 2235 1114 2282 quae
1144 2214 1276 2263 vellet
1308 2235 1318 2262 ;
1343 2215 1420 2263 sed
1441 2233 1466 2262 a
1489 2214 1547 2276 Q.
1578 2215 1671 2262 Lu-

258 2291 391 2338 cretio
411 2303 609 2340 senatore
632 2303 671 2338 et
692 2292 816 2339 Attio
839 2291 1086 2358 prohiberi,
1115 2291 1191 2356 qui
1209 2290 1254 2337 id
1272 2289 1486 2356 oppidum
1505 2300 1672 2355 septem

260 2369 506 2417 cohortium
518 2369 721 2436 praesidio
736 2370 955 2417 tenebant.
980 2369 1122 2417 Mittit
1144 2387 1195 2416 eo
1217 2369 1282 2416 M.
1305 2367 1549 2415 Antonium
1574 2385 1674 2414 cum

258 2443 445 2505 legionis
468 2458 628 2494 octavae
650 2445 910 2494 cohortibus
942 2445 1137 2511 quinque
1160 2462 1171 2502 ;
1207 2441 1517 2491 Sulmonenses
1541 2440 1674 2490 simul

258 2530 389 2584 atque
413 2533 562 2569 nostra
587 2521 708 2584 signa
732 2521 936 2569 viderunt
954 2557 965 2578 ‚
1001 2531 1150 2586 portas
1169 2528 1434 2584 aperuerunt
1465 2537 1475 2564 :
1500 2516 1673 2564 univer-

260 2598 384 2663 sique
408 2611 450 2646 et
472 2600 684 2665 oppidani
720 2612 763 2648 et
795 2598 954 2647 milites
979 2597 1153 2646 obviam
1185 2595 1452 2658 gratulantes
1473 2593 1672 2642 Antonio

192 2718 196 2722 ,
260 2674 468 2722 exierunt.
486 2676 716 2723 Lucretius
728 2687 772 2723 et
787 2675 935 2723 Attius
949 2674 1001 2723 de
1013 2693 1139 2723 muro
1153 2691 1198 2722 se
1213 2672 1470 2737 dejecerunt.
1485 2692 1509 2714 »
1522 2671 1673 2734 Quare
