1794 3100
260 221 346 276 284
696 203 1228 263 DEDIC'ArioNEs

259 314 414 377 Quum·
431 312 544 360 enim
564 311 711 379 pueris
737 311 872 374 (licet
894 330 918 358 a
943 310 1104 360 fabulis
1120 330 1217 360 cum
1237 310 1392 378 priscis
1412 310 1501 360 iltis
1523 315 1673 361 aucto'-

257 392 381 440 ribus
399 390 697 457 incipiendum
716 408 807 438 esse
826 389 1062 451 sentiam),
1081 389 1229 438 latinis
1252 388 1388 438 literis
1407 396 1583 456 Operam
1600 391 1672 440 da-

258 468 368 516 turis
379 506 391 526 ‚
410 468 456 514 in
470 468 568 533 ipso
580 466 730 516 limine
742 466 903 532 exponi
922 465 1060 514 solitae
1078 466 1187 523 sint,
1204 464 1295 513 leve
1310 465 1514 531 quiddam
1531 473 1580 515 ac
1596 485 1674 515 nu-

259 546 478 609 gatorium
502 563 593 594 esse
611 544 744 608 vulgo
763 544 1078 592 existimantur.
1104 545 1157 591 In
1175 561 1318 591 errore
1332 541 1436 591 huic
1452 543 1673 592 simillimo

257 625 287 672 ii
311 625 439 672 etiam
464 634 716 682 versantur,
743 622 820 688 qui
846 621 1005 687 AEsopi
1028 619 1197 669 fabulas
1210 657 1228 679 ,,
1245 639 1358 687 opus
1380 638 1483 669 sane
1498 619 1674 684 elegan-

259 700 502 760 tissimum,
527 699 717 757 nullius‚
743 710 818 747 aut
840 699 961 765 parvi
982 697 1215 746 admodum
1247 697 1458 745 momenti
1477 716 1568 746 esse
1591 717 1673 764 pu-

259 789 378 834 tent,
407 777 526 842 quod
550 777 655 824 item
682 776 829 842 pueris
845 813 857 833 ,
883 775 957 841 qui
986 775 1146 823 Graecis
1166 773 1303 823 literis
1323 775 1523 823 tradendi
1545 788 1675 832 sunt,

259 853 558 919 explanantur.
581 853 704 916 Quas
724 864 868 900 tamen
893 870 917 898 a
940 851 1122 899 Platone
1151 863 1194 898 et
1209 851 1446 901 Aristotele
1460 889 1472 909 ‚
1500 852 1676 902 duobus

259 944 304 980 et
318 930 531 997 loquendi
548 943 590 979 et
607 929 823 978 sentiendi
836 928 1055 992 magistris
1070 927 1424 994 praeclarissimis,
1440 930 1517 995 qui
1531 948 1678 979 earum

261 1007 524 1055 testimoniis
542 1004 892 1071 frequentissime
907 1015 1106 1062 utuntur,
1125 1002 1305 1070 plurimi
1322 1004 1458 1052 factas
1478 1023 1573 1054 esse
1587 1014 1677 1054 cer-

260 1095 351 1132 tum
377 1096 509 1150 atque
533 1083 810 1150 exploratum
833 1092 909 1129 est.
933 1118 942 1127 .
961 1118 969 1127 .
989 1118 998 1128 .

335 1263 563 1320 GUID.
609 1262 1116 1318 MORILLONII
1153 1260 1600 1317 DEDICATIO

523 1390 607 1428 AD
637 1389 995 1429 EP1sT0LAs
1024 1388 1417 1435 ΗΕΒΟΙΒΠΜ,

796 1505 1009 1530 CLARISSIMO
1026 1505 1112 1530 vmo
1124 1521 1133 1539 ‚

425 1581 816 1624 FRARCISCO
849 1582 889 1622 A
923 1579 1511 1624 CAMPOGIRALDO.
1581 1644 1585 1647 Ι

329 1693 544 1738 vVETERES
564 1689 626 1737 illi
645 1728 656 1747 ‚
684 1710 873 1757 quorum
896 1680 1134 1739 auctoritas
1156 1708 1253 1737 cum
1275 1689 1489 1755 sapientia
1512 1689 1566 1738 ad
1588 1691 1679 1739 haec

265 1779 414 1815 nostra
426 1786 561 1832 usque
576 1777 771 1833 tempora
789 1779 993 1833 provecta
1005 1778 1072 1814 est
1082 1804 1093 1823 ‚
1112 1765 1342 1813 Francisee
1357 1763 1572 1813 nobilium
1587 1785 1682 1815 eru—

269 1844 480 1894 ditissime
495 1883 506 1902 ,
532 1865 623 1892 non
646 1844 791 1893 minus
816 1845 943 1893 docte
969 1862 1099 1910 quam
1124 1842 1342 1904 eleganter
1364 1853 1450 1890 tres
1475 1842 1649 1892 Gratias
1670 1881 1681 1900 ‚

269 1941 376 1988 quas
400 1921 537 1973 Graeci
556 1921 718 1988 Χοέριτας
739 1933 915 1978 vocant,
947 1922 1006 1968 ita
1026 1919 1346 1986 depingebant,
1367 1931 1417 1967 ut
1433 1939 1520 1969 una
1535 1939 1683 1969 earum

266 1999 400 2047 veluti
426 2019 450 2047 a
473 1999 599 2047 nobis
622 1998 845 2065 profecta,
871 2017 1060 2053 aversam
1092 1997 1244 2046 faciem
1282 2009 1470 2056 teneret,
1507 1998 1684 2064 reliquae

264 2096 366 2126 vero
380 2078 474 2125 du‘ae
488 2096 568 2125 nos
582 2077 867 2143 adspicerent.
890 2078 995 2141 Quo
1015 2076 1192 2143 quidem
1212 2076 1412 2142 exemplo
1434 2085 1681 2135 mo'n'eniur,

269 2154 436 2220 accepti
459 2154 656 2202 beneficii
679 2164 904 2220 nunquam
927 2154 1200 2203 immemores
1214 2171 1306 2201 esse
1324 2152 1509 2201 debere:
1533 2152 1683 2202 'Verum

269 2232 379 2280 illud
409 2232 557 2299 aliquo
591 2253 689 2281 cum
723 2234 882 2282 foenere
913 2232 1165 2298 rependere.
1204 2233 1302 2293 Ego
1338 2232 1485 2297 itaque
1515 2231 1685 2297 priscos

271 2308 602 2356 aemulabundus
622 2346 634 2366 ‚
673 2329 807 2375 quum
839 2307 1145 2358 attentiuscule
1187 2325 1355 2355 mecum
1389 2306 1652 2372 pensitarem
1672 2345 1684 2366 ‚

271 2398 485 2451 quantum
509 2387 555 2434 in
575 2406 643 2435 me
667 2399 740 2435 tua
763 2387 1012 2450 benignitas
1030 2386 1317 2444 contulisset,¹
1341 2405 1405 2434 ne-
1415 2386 1461 2433 id
1476 2387 1521 2433 in
1539 2385 1687 2447 ingra-

274 2472 366 2508 tum
384 2463 620 2528 projecisse
641 2462 822 2510 videaris
835 2500 846 2519 ‚
867 2463 1022 2525 exigua
1045 2462 1420 2528 compensatione,
1443 2473 1521 2509 aut
1537 2459 1690 2509 saltem

273 2538 421 2604 aliquo
455 2552 712 2603 argumento
737 2541 928 2589 animum
953 2549 1178 2596 nostrum,
1213 2538 1300 2586 tuis
1322 2537 1544 2587 beneficiis
1568 2542 1690 2603 paene

260 2616 485 2665 obrutum
509 2617 726 2666 tantillum
744 2618 881 2667 levare
903 2618 1124 2666 constitui.
1146 2617 1316 2665 Idcirco
1335 2635 1470 2682 quum
1487 2613 1692 2681 superio-

273 2690 397 2740 ribus
414 2692 457 2740 di
469 2692 577 2742 ebus
596 2713 619 2741 a
638 2693 963 2742 dialecticorum
984 2692 1210 2742 maeandris
1229 2689 1691 2743 mentemrelaxarem,
