1794 3100
509 245 595 288 ET
629 243 1144 287 PRAEFATIONES.
1455 230 1540 286 283

116 335 528 391 instituto-maximi
545 332 720 405 poetae,
741 338 869 386 cedit.
894 336 1013 386 Illud
1031 347 1173 385 autem
1187 373 1198 393 ‚
1220 345 1435 402 quantum
1459 336 1518 383 sit
1534 373 1546 395 ‚

108 417 368 488 paucissimi
395 416 665 481 intelligunt.
690 418 984 484 Quanquam,
1007 417 1055 464 in
1077 414 1404 483 posterioribus
1431 433 1549 480 prae-

109 497 291 555 sertim,
314 514 460 562 neque
493 495 621 558 vigor
644 494 769 544 widem
805 513 978 563 semper
1002 489 1139 553 adsit,
1164 504 1207 541 et
1230 511 1550 558 nonnunquam

108 594 296 627 ¹alanum
313 574 469 643 potius
487 574 657 644 injiciat
672 573 850 623 fortuna
866 573 961 621 viro
981 591 1110 639 quam
1131 583 1349 621 senectus.
1370 570 1555 620 Accedit

118 671 289 703 summa
327 671 504 702 morum
535 650 784 701 amabilitas
814 670 863 701 ac
888 651 1055 700 candor
1079 672 1088 699 :
1114 669 1284 699 summa
1313 649 1554 698 amicorum

117 728 396 779 observantia
419 747 470 777 ac
494 727 640 777 cultus
673 748 684 777 :
718 747 887 777 summa
910 747 1011 792 erga
1044 727 1275 794 conjugem
1301 725 1554 789 benignitas

117 827 307 858 acamor
327 806 544 856 :maxima
560 818 794 874 parentum
813 807 1053 855 reverentia
1077 825 1126 855 ac
1145 805 1367 855 studium:
1385 821 1554 852 summa

111 885 310 953 denique
349 884 484 934 animi
519 884 778 948 integritas;
811 903 908 951 quae
945 884 1131 933 similem
1161 883 1353 932 colorem
1379 880 1556 948 scriptis

115 982 303 1031 :quoque
338 962 603 1020 affundunt,
630 974 675 1010 et
696 961 932 1024 imaginem
961 962 1009 1010 in
1042 963 1098 1011 iis
1127 965 1196 1011 sui
1226 971 1553 1028 repraesentant.

116 1042 260 1105 Quae,
281 1059 372 1108 quo
389 1040 578 1107 propius
595 1058 621 1087 a
636 1039 723 1087 fine
735 1051 856 1089 vates
875 1040 1024 1099 abest,
1043 1039 1204 1089 clarius
1223 1039 1416 1098 elucent,
1440 1038 1559 1087 ideo-

124 1137 208 1185 que
238 1118 542 1168 vehementius
565 1117 811 1166 delectant:

362 1235 417 1270 Ut
431 1246 504 1269 esse
523 1233 647 1269 Phoebi
663 1232 797 1269 dulcius
814 1233 936 1268 lumen
953 1233 1042 1268 solet

363 1295 445 1333 Jam
461 1295 534 1340 jam
553 1293 732 1337 cadentis;
755 1302 844 1330 astra
864 1307 974 1340 quum
990 1301 1158 1341 repetunt
1174 1294 1282 1338 vices,

368 1356 619 1402 premiturque
639 1356 765 1391 dubius
779 1363 882 1392 nocte
899 1356 1012 1391 vicina
1029 1355 1113 1391 dies.

224 1560 585 1609 HERCULIS
623 1560 908 1609 CIOFANI
945 1558 1460 1608 SULMONENSIS

692 1676 991 1713 PRAEFATIO

408 1783 473 1822 IN
510 1759 873 1824 EPISTOLAS
910 1781 1296 1829 HERomUM,

431 1917 433 1926 ¹
454 1911 745 1939 luvsnusslmu
758 1912 882 1945 A'rQUE
905 1910 1236 1937 Excztumnssnuo

316 2000 614 2045 'DOMINO
659 1999 985 2044 SCIPIONI
1030 1997 1395 2043 GONZAGAE.

190 2116 452 2181 Quffl'rlm
476 2116 687 2166 doctrinae
711 2129 758 2166 et
781 2116 1002 2184 elegantiae
1022 2116 1070 2166 in
1099 2115 1170 2164 his
1190 2113 1411 2182 Epistolis
1441 2113 1571 2163 adhi-

128 2196 281 2247 buerit
302 2196 521 2245 Ovmus
536 2233 548 2254 ,
564 2197 846 2245 non-invitus
860 2234 872 2254 ,
897 2196 933 2245 si
951 2195 1061 2244 mihi
1082 2194 1493 2262 peroccupationes
1510 2192 1567 2240 li.—

130 2286 249 2325 ceoet
263 2311 275 2333 ,
296 2274 575 2324 ostenderem
588 2311 600 2331 ‚
616 2274 1007 2324 etni-doctissimis
1024 2274 1278 2341 quibusque
1290 2283 1569 2339 perspectum

130 2352 567 2420 amque.exploratum
589 2364 718 2402 esset.
734 2378 737 2382 ·
756 2352 880 2416 Quid
916 2353 970 2401 de
994 2351 1101 2401 artis
1122 2350 1307 2419 poeticae
1337 2350 1570 2417 praeceptis

130 2431 297 2491 dicam,
310 2452 413 2499 quae
426 2433 474 2482 in
490 2433 564 2482 his
579 2433 734 2481 insunt
751 2451 840 2481 u-na
859 2451 960 2481 cum
977 2431 1108 2480 variis
1126 2430 1373 2488 affectibus,
1390 2429 1568 2496 quibus,

125 2512 406 2578 aquiamant,
432 2512 761 2569 excruciantur,
787 2511 954 2578 optime
974 2523 1018 2560 et
1041 2510 1383 2577 prudentissime
1402 2527 1574 2575 expres-

131 2589 229 2638 sis?
251 2591 305 2638 In
329 2588 493 2657 quibus
515 2590 613 2639 haec
637 2590 786 2638 omnia
802 2590 864 2638 ita
886 2588 1028 2637 efficta
1053 2601 1098 2637 et
1116 2607 1318 2656 expressa
1335 2587 1571 2651 leguntur,

124 2665 211 2715 -vi‘xv
229 2678 286 2715 ut
306 2667 430 2734 apud
443 2686 528 2717 nos
550 2666 665 2716 liber
683 2667 739 2717 sit
757 2705 768 2725 ,
795 2667 873 2734 qui
895 2686 994 2716 cum
1021 2667 1091 2716 his
1111 2666 1269 2715 merito
1296 2665 1576 2714 conseratur:

126 2744 338 2813 *quamvis
370 2765 463 2797 non
485 2748 655 2797 bonum
678 2746 809 2814 plane
833 2747 972 2796 fatum
996 2747 1160 2796 sortitae
1196 2766 1290 2796 esse
1325 2746 1568 2794 videantur,
