1794 3100
259 246 340 289 186
690 249 743 290 P.
787 247 1031 292 OVIDII
1074 249 1244 292 VITA

255 350 394 387 canat.
420 339 595 387 Etenim
619 339 754 387 Trist.
781 338 857 388 lib.
882 341 960 399 IV,
984 340 1054 389 El.
1075 353 1194 400 VIII,
1215 361 1324 391 vers.
1347 342 1409 391 33
1432 355 1476 393 et
1494 342 1577 407 34,
1595 346 1678 394 ait:

474 437 624 482 Jamque
636 464 645 481 ‚
665 439 776 472 decem
788 441 904 474 lustris
919 439 1015 474 omni
1029 440 1103 475 sine
1119 441 1194 476 labe
1205 445 1372 485 peractis,

515 498 619 538 Parte
635 509 778 543 premor
792 499 871 535 vitae
888 499 1060 536 deteriore
1077 514 1165 537 meae
1177 528 1186 546 ,
1204 509 1266 538 etc.

252 575 405 640 Elegia
434 595 612 643 quoque
637 591 666 625 x
691 597 715 625 a
736 596 845 627 vers.
871 562 932 644 93
955 598 964 626 :

468 675 551 710 Jam
567 675 655 710 mihi
671 679 829 717 canities,
847 676 953 722 pulsis
968 677 1169 713 melioribus
1186 678 1285 714 annis
1296 705 1306 723 ‚

522 737 699 781 Venerat,
718 737 876 782 antiquas
893 738 1147 784 miscueratque
1163 751 1303 781 comas-;

469 798 622 843 Postque
639 810 729 832 meos
744 806 836 832 ortus
857 799 966 833 Pisaea
983 799 1118 835 vinctus
1136 799 1240 835 Oliva

511 859 718 894 Abstulerat*
725 862 837 893 decies
856 860 997 905 praemia
1013 861 1123 895 victor
1138 874 1244 906 eques
1258 875 1267 902 ;

471 919 595 964 Quum
612 920 716 955 maris
734 919 860 954 Euxini
877 921 1003 966 positos
1019 921 1061 955 ad
1081 922 1164 956 laeva
1181 923 1338 958 Tomitas

514 980 685 1026 Quaerere
702 994 759 1015 me
777 981 845 1016 laesi
860 981 1024 1027 principis
1041 982 1091 1016 ira
1107 982 1217 1027 jubet.

249 1057 445 1107 Tandem
471 1070 514 1106 et
537 1058 630 1106 Ibis
653 1059 781 1107 initio
802 1079 812 1107 ε

465 1157 622 1202 Tempus
637 1157 679 1192 ad
697 1157 763 1193 hoc
775 1184 784 1201 ,
801 1160 917 1192 lustrat
933 1158 1005 1203 jam
1019 1161 1071 1193 bis
1086 1158 1174 1193 mihi
1190 1163 1331 1204 quinque
1340 1162 1494 1204 peractis
1503 1186 1513 1201 ‚

509 1216 630 1253 Omne
646 1218 711 1253 suit
727 1219 840 1254 Musa».
855 1232 996 1254 carmen
1016 1219 1149 1254 inerme
1166 1232 1264 1254 meae.

249 1293 444 1357 Scaliger
470 1301 482 1321 ¹
509 1308 653 1344 autem
677 1316 813 1363 quum
835 1309 934 1346 ante
955 1316 1008 1345 ex
1027 1298 1126 1364 ipso
1158 1310 1253 1346 vate
1273 1297 1484 1364 probasse
1507 1298 1594 1347 sibi
1611 1298 1677 1347 vi-

246 1372 447 1429 deretur,
473 1391 572 1421 eum
591 1393 706 1423 anno
723 1374 902 1423 Juliano
922 1387 1002 1422 LIV
1017 1412 1027 1431 ‚
1050 1374 1096 1422 id
1117 1386 1182 1423 est
1198 1413 1210 1433 ,
1228 1376 1291 1422 U.
1316 1377 1363 1424 C.
1389 1373 1580 1424 DCCLXII
1594 1414 1606 1435 ‚
1626 1375 1675 1424 in

249 1449 448 1499 exsilium
473 1468 565 1499 esse
588 1451 794 1508 missum,
831 1451 954 1499 addit
973 1471 983 1499 ε
1013 1474 1034 1494 «
1057 1453 1198 1500 Natus
1221 1464 1364 1500 autem
1384 1465 1443 1501 III
1465 1451 1673 1511 Juliano‚

253 1551 274 1570 »
305 1529 423 1591 (hoc
447 1542 537 1586 est,
563 1532 615 1577 U.
641 1532 690 1579 C.
717 1532 904 1591 DCCXI).
930 1532 1040 1578 Erat
1061 1550 1165 1593 ergo
1185 1550 1401 1579 annorum
1421 1544 1488 1579 LII
1512 1531 1676 1594 solido-

253 1631 274 1649 »
302 1626 427 1665 rum,
455 1628 590 1674 quum
615 1609 797 1657 excessit
827 1628 877 1657 ex
911 1608 1063 1665 Italia,
1098 1628 1194 1675 quae
1223 1621 1327 1658 sunt
1361 1609 1508 1658 decem
1537 1609 1676 1659 lustra

252 1706 273 1724 »
303 1685 526 1742 Romana,
551 1697 593 1733 et
617 1685 707 1734 duo
732 1686 835 1733 anni
859 1697 1089 1753 praeterea,
1111 1697 1201 1734 XIII
1220 1698 1365 1734 autem
1385 1685 1671 1753 Olympiades

257 1784 274 1801 »
304 1759 452 1809 solidae
479 1782 487 1808 :
514 1761 616 1810 licet
638 1762 743 1810 alibi
767 1762 884 1811 {licat
912 1763 1058 1812 decem
1081 1762 1220 1811 lustra
1240 1762 1462 1829 olympica
1491 1763 1626 1812 fuisse
1650 1781 1676 1811 a

252 1860 273 1878 »
300 1838 435 1886 natali
455 1858 558 1896 suo,
584 1859 720 1906 quum
737 1839 1003 1903 relegaretur
1018 1879 1029 1899 ‚
1053 1853 1132 1891 etc.
1155 1847 1171 1864 ²
1195 1862 1218 1882 »

311 1917 374 1964 At
412 1936 515 1965 vero
549 1916 733 1966 eximius
767 1918 834 1966 vir
865 1917 1164 1966 hallucinatus
1194 1927 1286 1972 est,
1324 1916 1426 1964 dum
1462 1916 1674 1975 asseruit,

250 1994 466 2051 Ovidium,
480 1994 616 2043 fuisse
641 2013 835 2042 annorum
865 2007 929 2042 LII
963 1994 1185 2042 solidorum
1205 2033 1215 2049 ,
1250 2012 1386 2058 quum
1415 1993 1601 2042 excessit
1623 2013 1676 2042 ex

248 2071 387 2120 Italia.
415 2075 526 2121 Nam
553 2073 722 2121 etiamsi
755 2084 883 2139 poeta
909 2091 1027 2120 anno
1052 2074 1107 2119 U.
1146 2073 1196 2120 C.
1224 2084 1414 2120 DCCLXII
1451 2071 1674 2121 desinente

292 2191 302 2209 ¹
325 2189 368 2223 In
389 2188 516 2223 Euseb.
534 2188 669 2233 Chron.
686 2189 850 2224 Animad.
873 2202 948 2235 pag.
970 2189 1040 2224 182.

290 2248 573 2293 ²'Reprehendit
601 2250 827 2294 sequentibus
851 2250 964 2284 verbis
995 2248 1165 2284 Ovidium
1181 2276 1191 2293 ‚
1221 2249 1315 2294 quod
1340 2247 1589 2296 Olympiadem
1612 2260 1676 2293 pro

248 2304 358 2338 lustro
374 2304 535 2338 Romano
549 2331 558 2348 ‚
576 2304 609 2338 id
627 2313 679 2341 est
694 2331 702 2348 ,
721 2306 875 2350 quinque
889 2305 988 2340 annis
1004 2304 1166 2341 absolutis
1179 2332 1188 2349 ,
1205 2306 1369 2340 sumserit
1384 2318 1392 2339 :
1405 2319 1423 2336 α
1436 2303 1534 2350 quasi
1548 2304 1677 2340 Noster

251 2376 268 2390 »
288 2361 324 2396 id
340 2361 482 2406 quidem
500 2362 675 2407 putaverit
690 2361 854 2406 deceptus
880 2362 1026 2397 nomine
1048 2367 1299 2411 πενταετηρίδὀςε
1319 2374 1430 2407 quum
1452 2369 1573 2396 tamen
1597 2377 1675 2397 κεν·

251 2429 268 2443 »
288 2422 426 2462 ταετηρίς
443 2414 533 2450 dicta
548 2416 592 2450 sit
606 2441 614 2458 ,
634 2429 708 2450 non
727 2416 820 2461 quod
839 2416 993 2461 quinque
1008 2417 1106 2452 annis
1123 2415 1284 2451 absolutis
1299 2423 1474 2452 constaret
1492 2443 1502 2459 ‚
1524 2415 1584 2451 sed
1596 2415 1677 2461 quia

248 2485 266 2499 ν»
286 2472 411 2515 quinto
428 2485 568 2517 quoque
584 2485 677 2507 anno
695 2471 825 2506 rediret
843 2473 878 2506 in
893 2473 1015 2507 orbem
1028 2499 1037 2516 ‚
1056 2479 1119 2507 etc.
1138 2487 1155 2502 »
1172 2471 1220 2506 At
1233 2471 1305 2506 haec
1319 2485 1417 2506 mera
1432 2471 1518 2506 mihi
1536 2471 1674 2506 videtur

247 2527 437 2570 cavillatio;
466 2542 532 2563 nec
554 2528 643 2563 ullus
666 2528 789 2563 dubito
803 2555 812 2572 ,
839 2529 926 2575 quin
949 2529 1080 2574 optime
1106 2529 1200 2563 Naso
1215 2528 1376 2571 noverit,
1395 2535 1480 2572 quot
1497 2538 1673 2562 annorum

246 2582 264 2616 f
266 2583 354 2617 uerit
371 2583 552 2630 Olympias
567 2610 575 2627 ,
593 2591 696 2629 atque
713 2584 848 2619 licentia
867 2591 1005 2618 tantum
1027 2584 1178 2629 poetica,
1194 2587 1432 2628 quinquennem
1455 2582 1547 2626 (vid.
1568 2593 1673 2627 supra

250 2649 284 2670 n.
302 2637 322 2670 3
348 2637 409 2671 inf.
439 2637 482 2671 ad
502 2650 636 2672 annum
659 2637 763 2673 ovid.
782 2636 868 2683 LV1)
884 2639 978 2672 illam
993 2638 1110 2672 fecisse
1123 2663 1132 2680 ,
1156 2636 1458 2682 quemadmodum
1475 2642 1575 2671 vocat
1589 2661 1598 2679 ,
1630 2647 1672 2669 ex

248 2693 382 2735 Ponto,
399 2692 456 2726 lib.
473 2693 538 2735 IV,
559 2693 623 2738 Ep.
637 2705 676 2727 VI
688 2720 696 2736 ‚
713 2701 751 2727 ut
762 2694 808 2727 ita
821 2693 981 2736 doceret,
1000 2706 1034 2727 se
1053 2705 1125 2726 non
1143 2692 1322 2738 vulgarem
1333 2692 1524 2737 intelligere
1541 2689 1671 2737 Olym-

182 2779 187 2782 ,
250 2748 409 2793 piadetn,
430 2761 506 2793 quae
530 2759 568 2782 lv
586 2748 692 2782 modo
709 2761 884 2783 annorum
902 2755 998 2791 erat,
1016 2748 1076 2783 sed
1095 2747 1242 2783 lustrum
1261 2748 1475 2783 Romanum.
