1794 3100
187 264 190 266 -
259 238 338 299 176
690 241 1018 284 P.0V1D11
1059 241 1236 286 VITA

252 332 496 381 tituendum
516 332 770 399 suscepisse.
790 334 912 382 Idem
926 333 1083 383 diserte
1101 335 1218 383 canit
1234 334 1542 383 Albinovanus
1557 336 1670 384 Con-

249 409 332 458 sol.
356 409 411 458 ad
431 409 618 467 Liviam,
647 411 698 459 de
718 412 866 460 Morte
888 411 1047 469 Drusi,
1071 429 1096 458 a
1117 428 1225 458 vers.
1254 409 1347 458 283
1371 430 1380 458 :

468 507 590 552 Adjice
607 508 746 542 Ledoeos
759 534 766 548 ‚
784 507 968 543 concordia
984 507 1096 543 sidera
1110 535 1119 552 ,
1127 508 1258 552 fratres
1268 535 1276 549 ‚
1320 540 1323 544 .

517 565 551 597 T
545 566 722 609 emploque
739 565 894 598 Romano
912 564 1154 608 conspicienda
1159 565 1240 609 soro
1261 571 1326 600 etc.

473 620 546 657 Nec
561 633 621 655 sua
635 620 823 665 conspiciet
837 646 845 664 ‚
863 620 1030 654 miserum
1046 619 1118 655 rue!
1134 633 1282 655 munera
1297 619 1431 655 Drusus
1446 647 1454 662 ‚

511 675 585 710 Nec
600 688 661 710 sua
676 688 746 721 prae
764 676 885 721 templi
901 675 1045 710 nomina
1063 675 1181 710 fronte
1199 675 1309 722 leget!

465 731 564 777 Saepe
581 732 688 767 NERO
706 734 717 752 ¹
736 732 772 766 in
787 732 946 766 lacrimas
961 732 1143 766 summissa
1159 744 1241 766 voce
1254 732 1423 777 -loquetur
1437 746 1445 767 :

519 786 594 821 Cur
610 787 833 830 adeosratres
844 814 852 828 ‚
871 786 961 821 heu!
975 787 1048 821 sine
1064 786 1171 821 fratre
1185 813 1194 831 ,
1211 788 1332 822 Deos?
1400 783 1402 785 ’

253 866 342 914 Dio
368 872 383 890 ²
410 865 572 931 pariter
608 876 816 921 testatur,
848 864 895 911 id
919 863 1131 929 templum
1154 863 1383 929 utriusque
1403 864 1571 923 fratris,
1595 865 1672 912 Ti-

256 944 367 992 berii
394 943 617 1008 Drusique
632 980 644 999 ‚
675 942 851 989 nomine
874 941 1122 993 dedicatum
1142 941 1301 998 fuisse,
1331 961 1536 1000 narrans,
1561 942 1673 992 illud

256 1021 384 1068 etiam
398 1019 572 1084 plebem
587 1019 829 1066 Romanam
842 1017 1048 1066 memoria
1061 1018 1198 1066 Drusi
1212 1019 1467 1068 recreavisse
1477 1057 1489 1078 ‚
1508 1042 1530 1062 «
1553 1020 1671 1086 quod

256 1120 279 1139 »
308 1097 513 1145 Tiberius
554 1097 600 1143 in
634 1096 905 1144 dedicatione
938 1096 1042 1144 aedis
1067 1096 1263 1144 Castoris
1297 1108 1339 1144 et
1362 1096 1557 1146 Pollucis
1577 1093 1670 1147 non

257 1198 280 1218 »
311 1173 543 1222 Claudiani
568 1174 700 1222 modo
717 1211 729 1231 ,
756 1174 1017 1240 (adoptatus
1040 1173 1154 1222 enim
1178 1174 1225 1221 in
1249 1174 1453 1223 familiam
1479 1176 1672 1239 Augusti

258 1276 280 1296 »
310 1252 600 1302 Claudianum
640 1271 685 1300 se
725 1271 809 1318 pro
843 1251 1029 1300 Claudio
1063 1252 1416 1318 nuncupabat),
1444 1253 1520 1301 sed
1552 1253 1671 1303 illius

260 1354 282 1375 »
313 1331 517 1396 (Drusi)
543 1348 721 1396 quoque
743 1348 903 1378 nomen
927 1330 966 1377 ei
985 1330 1226 1395 inscripsit.
1253 1352 1275 1372 »

319 1408 491 1456 Deinde
516 1409 635 1455 Naso
658 1406 808 1454 eodem
828 1407 975 1472 priore
996 1405 1095 1454 loco
1116 1406 1300 1463 indicat,
1324 1405 1532 1472 templum
1561 1406 1673 1455 illud

254 1485 313 1533 ad
326 1486 457 1533 lacum
480 1484 728 1539 Jutumum,
758 1495 808 1531 ut
827 1483 960 1532 habet
982 1483 1111 1531 etiam
1131 1483 1308 1539 Victor,
1335 1482 1490 1540 fuisse,
1508 1483 1670 1549 inipso

254 1562 458 1610 nimirum
468 1561 571 1626 foro
595 1559 785 1609 Romano
804 1599 815 1617 ,
853 1560 920 1608 uti
952 1559 1047 1608 loca
1076 1559 1210 1607 modo
1242 1577 1293 1606 ex
1322 1558 1600 1608 Albinovano
1624 1577 1673 1607 ac

257 1638 468 1687 Suetonio
493 1637 667 1686 laudata
690 1638 914 1695 evincunt,
943 1656 1038 1703 quae
1063 1636 1306 1684 doctissimi
1332 1636 1414 1683 viri
1437 1636 1632 1684 Donatus
1655 1634 1671 1659 ³

257 1735 304 1763 ac
334 1715 516 1763 Nardini
541 1713 557 1745 4
583 1715 635 1762 de
658 1717 798 1762 Roma
821 1714 1002 1779 antiqua
1034 1713 1271 1767 scribentes
1300 1712 1566 1769 omiserunt,
1591 1710 1673 1759 alia

254 1792 545 1857 proferentes,
568 1811 663 1858 quae
676 1791 814 1840 lector
830 1789 1041 1839 consulat.
1059 1789 1232 1837 Addere
1251 1801 1392 1837 tamen
1412 1788 1536 1837 lubet
1553 1788 1672 1837 aliud

255 1870 397 1918 adhuc
423 1890 474 1918 ex
496 1871 661 1918 Nostro
686 1868 1006 1924 testimonium,
1039 1886 1126 1932 quo
1150 1877 1296 1931 patet,
1321 1865 1516 1915 Castoris
1539 1866 1674 1914 aedem

257 1946 392 1995 fuisse
414 1945 656 2011 proximam
679 1945 793 2008 Julii
815 1943 993 1992 Caesaris
1018 1942 1180 2007 templo
1198 1979 1209 1998 ‚
1237 1941 1358 2008 quod
1385 1953 1427 1989 et
1451 1942 1498 1989 in
1520 1941 1672 1990 eodem

255 2023 351 2070 foro
377 2022 668 2070 constitutum
693 2032 865 2069 constat
884 2017 924 2077 ⁵,
950 2018 1114 2067 scilicet
1136 2018 1214 2066 lib.
1239 2020 1282 2066 ll
1308 2038 1359 2067 ex
1383 2019 1527 2067 Ponto
1546 2055 1557 2077 ‚
1581 2020 1667 2085 Ep.

259 2111 319 2157 11,
346 2117 454 2147 vers.
480 2098 542 2145 85
564 2110 607 2145 et
625 2097 685 2144 86
707 2117 717 2145 :

473 2194 652 2230 Fratribus
667 2193 848 2228 adsimileis
861 2219 870 2235 ,
888 2204 972 2237 quos
988 2192 1143 2236 proxima
1161 2191 1287 2236 templa
1304 2198 1463 2226 tenentes

516 2249 626 2283 Divus
641 2248 682 2282 ab
698 2248 826 2282 excelsa
842 2247 955 2281 Julius
972 2246 1044 2281 aede
1060 2246 1165 2281 videt.

299 2348 309 2366 ¹
335 2343 496 2379 Tiberius
512 2354 638 2387 nempe
657 2341 752 2377 Nero
767 2366 776 2384 ‚
795 2340 902 2374 Drusi
919 2338 1026 2374 frater
1044 2346 1126 2374 natu
1144 2340 1276 2385 major,
1300 2338 1358 2383 qui
1375 2344 1452 2383 post
1472 2337 1667 2382 Augustum

256 2400 449 2447 imperavit.

298 2459 313 2476 ²
336 2457 410 2490 Lib.
426 2456 503 2499 LV,
521 2469 595 2501 pag.
609 2456 681 2501 557.

299 2510 312 2531 ³
336 2510 410 2544 Lib.
429 2510 485 2553 II,
503 2523 575 2554 cap.
596 2523 644 2555 ¹7·

297 2565 312 2588 4
336 2565 409 2598 Lib.
429 2565 539 2607 VIII,
557 2577 628 2608 cap.
649 2565 680 2607 4.
1435 2583 1439 2586 -

299 2619 314 2640 ⁵
337 2619 422 2653 Aliis
439 2619 591 2662 omissis,
619 2626 672 2653 sat
687 2618 753 2652 erit
769 2617 917 2653 Ovidius
931 2643 940 2660 ‚
964 2617 1055 2653 Fast.
1070 2617 1126 2651 lib.
1149 2616 1223 2659 111,
1242 2628 1327 2650 vers.
1347 2628 1408 2661 702
1428 2628 1436 2649 :
1454 2570 1586 2660 ἓζξιιε
1604 2628 1668 2650 ce—

257 2673 340 2708 cidit
354 2673 458 2716 serro,
477 2675 619 2708 Coesaris
634 2673 757 2707 umbra
770 2671 844 2706 fuit.
860 2671 921 2706 Ille
935 2672 1077 2717 quidem
1087 2671 1169 2707 caelo
1186 2671 1313 2715 positus
1330 2669 1426 2704 Jovis
1441 2670 1524 2704 atria
1534 2678 1664 2713 servat,

261 2728 307 2763 Et
322 2736 417 2763 tenet
437 2730 470 2763 in
488 2741 616 2773 magno
632 2731 753 2772 templa
769 2727 879 2763 dicata
894 2730 988 2763 Foro.
1000 2741 1016 2757 »
