1794 3100
231 255 319 316 296
668 251 1208 298 DEDICATIONES

232 348 506 403 ubertatem,
532 346 750 413 simulque
784 347 1122 404 sententiarum,
1155 345 1478 412 verborumque
1510 346 1651 409 gravi-

233 436 386 481 tatem,
409 423 480 472 vix
502 431 553 471 u't
576 423 686 471 alius
708 424 766 471 sit
800 423 916 490 apud
937 424 1118 472 Latinos
1142 435 1295 490 poeta,
1321 418 1396 490 qui
1420 423 1468 471 in
1487 423 1574 472 *hac
1599 443 1648 473 re

232 501 316 569 ipsi
343 501 498 549 merito
520 500 712 566 praeserri
739 501 894 567 possit.
922 500 1043 564 Quid
1071 501 1210 549 dicam
1230 501 1284 548 de
1307 499 1444 548 modo
1459 499 1538 548 illo
1563 500 1652 548 sin-

234 576 374 640 gulari
397 596 446 625 ac
472 595 612 643 prope
637 577 782 631 divino
813 578 1098 626 connectendi
1122 577 1314 626 fabulam
1340 597 1438 626 cum
1466 577 1654 626 fabula?

230 654 278 701 in
305 673 393 720 quo
419 654 480 701 ita
501 652 728 711 excelluit,
753 667 804 703 ut
836 654 949 702 nihil
974 652 1277 713 artificiosius,
1303 655 1416 704 nihil
1442 667 1656 722 praestan-

234 731 321 779 tius
337 769 348 787 ‚
377 730 487 780 nihil
511 730 699 798 denique
723 732 921 780 ornatius
939 744 1013 780 aut
1032 732 1118 780 dici
1135 745 1212 780 aut
1231 731 1325 780 fieri
1342 733 1514 799 possit:
1532 723 1655 799 quod

231 828 301 857 res
326 809 637 858 diversissimas
663 822 854 858 tractans
883 811 1006 859 adeo,
1025 810 1250 873 ingeniose
1290 827 1361 858 eas
1393 811 1654 868 connexuit,

232 897 284 934 ut
306 905 393 934 una
414 887 591 934 materia
608 886 735 953 plane
754 887 963 936 videatur.
989 887 1105 935 Illud
1125 888 1254 935 etiam
1270 888 1450 937 minime
1471 887 1656 938 reticen-

234 963 339 1011 dum
360 975 445 1020 est,
469 962 632 1010 latinos
649 962 754 1011 olim
779 964 1016 1029 scriptores
1032 964 1087 1011 ad
1105 983 1241 1012 unum
1259 964 1349 1013 fere
1368 984 1504 1027 graeca
1524 985 1660 1034 opera

234 1038 282 1085 in
303 1038 488 1087 latinum
511 1040 690 1087 vertisse
715 1042 988 1095 sermonem,
1009 1058 1032 1086 a
1058 1039 1221 1105 quibus
1244 1041 1399 1088 eximia
1429 1042 1626 1090 doctrina
1645 1079 1658 1100 ,

234 1126 367 1181 atque
389 1114 579 1163 eruditio
600 1127 696 1163 orta
714 1126 779 1164 est
796 1116 1168 1180 praestantissima.
1190 1117 1356 1166 Contra
1378 1111 1658 1167 factumesse

235 1213 258 1241 a
285 1193 482 1250 Maximo
501 1193 698 1241 Planude
718 1209 848 1242 nemo
867 1193 1060 1255 ignorat,
1083 1196 1181 1261 qui,
1209 1215 1345 1261 quum
1363 1196 1529 1262 optime
1553 1215 1660 1245 nos-

236 1282 302 1319 set
327 1290 506 1333 graecam
531 1270 726 1334 linguam
742 1291 902 1338 *poema
921 1292 1009 1320 non
1033 1273 1223 1329 habere,
1241 1273 1362 1339 quod
1385 1284 1503 1320 tanta
1522 1273 1661 1336 gratia

236 1367 284 1396 ac
309 1361 559 1406 venustate,
586 1361 747 1415 quanta
774 1351 883 1405 hoc,
908 1350 1089 1411 flueret,
1117 1369 1139 1397 e
1164 1349 1301 1397 latino
1334 1349 1379 1397 in
1405 1369 1590 1411 graecum
1613 1350 1659 1398 id

238 1426 479 1474 transtulit.
506 1427 629 1491 Quid
652 1427 825 1475 multa?
846 1428 978 1475 Artes
999 1445 1176 1483 omnes,
1209 1445 1303 1492 quae
1327 1426 1521 1493 antiquis
1544 1438 1661 1475 notae

239 1515 386 1559 erant,
426 1523 562 1569 quum
597 1504 643 1551 in
677 1504 801 1560 aliis,
842 1523 938 1569 quae
972 1503 1234 1570 conscripsit
1257 1541 1269 1562 ,
1296 1505 1534 1570 operibus,
1566 1516 1661 1552 tum

237 1579 422 1628 maxime
445 1580 491 1627 in
515 1580 600 1627 hoc
623 1581 683 1628 ita
705 1579 962 1637 declaravit,
982 1592 1034 1628 ut
1058 1580 1370 1647 quamplurimi
1393 1580 1474 1628 viri
1494 1575 1662 1629 utrius-

241 1675 325 1722 que
348 1656 508 1719 linguae
522 1695 534 1714 ,
556 1677 652 1723 quae
672 1657 718 1705 in
736 1655 879 1724 pretio
904 1669 1035 1715 sunt,
1054 1657 1365 1721 intelligentia,
1391 1669 1523 1724 atquc
1545 1675 1663 1706 acer-

239 1733 352 1781 rimo
388 1734 554 1798 judicio
593 1747 876 1802 praestantes,
909 1755 1041 1803 supra
1077 1755 1213 1811 quamk
1244 1737 1331 1785 dici
1370 1748 1551 1804 potest,
1585 1735 1664 1784 ad-

241 1823 468 1862 mirentur.

521 2008 884 2065 GEORGII
921 1997 1399 2067 BERSMANNI

266 2150 592 2193 PRAEFATIO
629 2153 696 2192 IN
736 2151 1350 2192 METAMORPHOSEON
1382 2149 1646 2198 LIBROS,

707 2282 756 2307 An
782 2282 1028 2308 CLARISSLMUM
1052 2282 1174 2308 vnum
1191 2297 1200 2314 ‚

553 2385 611 2427 D,
648 2384 936 2428 PAULUM
969 2374 1376 2429 VETZERUM.

315 2507 557 2560 POETICEN
594 2486 817 2560 Maximus
842 2512 1006 2577 Tyrius
1036 2511 1290 2560 Platonicus
1323 2509 1527 2558 definisse
1550 2507 1668 2556 illam

254 2588 429 2654 quidem
441 2589 700 2654 perhibetur
713 2589 956 2647 φιλοσοφίαν,
971 2585 1110 2648 τιῖμέν
1126 2587 1241 2648 χρόνῳ
1258 2585 1448 2644 vahanaim
1466 2587 1520 2647 τξῖ
1533 2584 1588 2632 «Ν
1596 2587 1670 2644 dg-

172 2718 176 2722 (
254 2667 369 2725 pavia
397 2664 608 2728 ἔμμετρον,
643 2669 697 2729 'rii'
719 2668 772 2713 δι’
792 2669 925 2728 γνῶμῃ
951 2664 1200 2726 ,ιλυθολογικὶῖν
1222 2685 1231 2712 2
1255 2665 1340 2712 hoc
1369 2676 1461 2721 est,
1485 2662 1668 2728 'philoso-

247 2744 390 2809 phiam
412 2755 585 2809 tempore
607 2744 764 2809 quidem
785 2755 982 2794 vetustam
995 2783 1007 2800 ,
1045 2742 1321 2807 compose'tabne
1343 2752 1472 2790 autem
1498 2741 1672 2789 numeris
