1794 3100
595 209 722 254 PER
755 211 798 253 J.
835 209 1136 254 MASSON.
1506 211 1585 254 135

154 302 260 356 Hac
277 323 380 354 vero
394 303 589 352 Nasonis
607 302 787 351 domina
806 314 895 351 tam
915 302 1031 352 bene
1049 302 1133 351 sub
1152 300 1231 350 illo
1247 302 1453 352 (hrinnae
1473 303 1585 352 salso

154 382 332 432 nomine
354 379 543 440 latebat,
564 392 617 428 ut
633 379 727 429 aliae
742 419 753 438 ,
775 399 856 447 per
873 380 1087 428 Ovidium
1101 379 1261 428 famam
1285 385 1294 403 ¹
1319 393 1586 446 quaerentes,

151 451 202 509 id
223 479 386 510 nomen
404 459 496 509 sibi
511 459 731 516 dederint;
754 459 908 507 Amor.
930 458 1008 506 lib.
1030 460 1093 517 Π,
1116 458 1240 522 Eleg.
1269 472 1396 519 XVII,
1414 481 1476 510 vs.
1497 464 1586 513 28:

421 565 468 602 Et
485 566 606 601 multae
623 577 687 612 per
703 577 760 600 me
777 576 911 600 nomen
929 564 1058 601 habere
1075 566 1219 601 volunt:

377 627 467 664 Novi
485 627 636 673 aliquam
649 654 660 671 ,
678 639 755 672 quae
770 639 808 662 se
826 626 1052 663 circumferat
1069 639 1141 663 esse
1159 629 1350 663 Corinnam.

154 713 282 780 Quin
307 713 465 770 immo,
490 711 594 762 licet
618 711 809 760 Ovidius
832 730 885 760 ex
907 712 1071 760 Amore
1093 710 1285 761 sollicito
1307 712 1517 776 fingeret,
1545 733 1591 763 se

155 792 319 850 vereri,
341 809 397 840 ne
422 789 663 839 Corinnam
691 788 783 838 suis
805 789 1078 839 carminibus
1114 790 1174 838 ita
1203 802 1355 839 notam
1384 791 1560 841 fecisset
1577 831 1589 851 ,

158 881 211 918 ut
234 869 321 919 sibi
340 867 497 918 rivales
518 866 682 917 multos
705 867 973 935 paravisset,
998 868 1152 917 Amor.
1178 868 1256 917 lib.
1283 871 1349 917 III
1368 907 1380 927 ,
1404 869 1473 919 El.
1500 883 1590 929 XII,

158 959 349 997 attamen
372 945 529 1009 viginti
546 945 710 994 abhinc
732 945 859 994 annis
879 965 1016 1012 quum
1036 947 1203 995 Noster
1223 947 1377 996 Artem
1407 948 1592 997 Amato-

149 1025 267 1074 riam
289 1023 524 1081 scriberet,
558 1022 759 1071 nondum
798 1041 849 1071 ea
879 1041 982 1072 vero
1016 1023 1195 1071 nomine
1233 1035 1339 1073 nota
1373 1023 1485 1084 fuit,
1509 1024 1586 1073 lib.

158 1106 255 1161 III,
288 1122 398 1152 vers.
428 1100 554 1149 538:

303 1221 306 1224 ·
380 1201 428 1237 Et
443 1201 565 1246 multi,
585 1213 663 1246 quae
677 1201 721 1236 sit
738 1208 857 1237 nostra
877 1202 1043 1243 Corinna,
1066 1210 1203 1249 rogant.

159 1285 283 1335 Idem
301 1298 346 1335 et
361 1299 394 1334 v
415 1284 564 1334 seculo
579 1285 844 1348 rogantibus
861 1284 991 1352 plane
1007 1286 1093 1335 fuit
1108 1287 1312 1350 ignorata
1329 1325 1340 1347 ,
1364 1299 1415 1336 ut
1434 1288 1594 1339 docent

160 1364 334 1419 Sidonii
355 1363 633 1432 Apollinaris
654 1363 845 1413 carmina
868 1370 886 1389 ²
907 1384 917 1412 :

443 1468 491 1504 Et
501 1476 540 1505 xe
558 1468 713 1504 carmina
730 1482 794 1514 per
809 1468 993 1503 libidinosa

446 1531 582 1566 Notum
595 1555 605 1574 ,
622 1532 738 1571 Naso,
761 1537 860 1565 tenet
872 1556 881 1574 ,
905 1530 1107 1576 Tomosque
1127 1530 1270 1564 missum
1284 1556 1293 1574 ,

448 1592 644 1638 Quondam
663 1594 823 1628 Cesareae
840 1592 944 1627 nimis
955 1595 1077 1636 puelle

448 1654 548 1700 Falso
561 1653 706 1689 nomine
723 1653 904 1689 subditum
924 1656 1086 1689 Corinnoe.

156 1739 284 1788 Nihil
307 1739 423 1788 enim
443 1739 592 1788 minus
614 1738 888 1797 verosimile,
915 1758 1047 1805 quam
1073 1739 1192 1805 quod
1217 1741 1492 1790 venerandus
1520 1742 1593 1792 ille

159 1817 361 1867 Antistes
392 1816 628 1880 significat,
651 1817 814 1865 Juliam
838 1837 997 1884 nempe
1023 1818 1216 1881 Augusti
1236 1817 1369 1866 filiam
1394 1820 1476 1868 sub
1506 1822 1593 1869 Co-

161 1896 299 1946 rinnae
330 1896 510 1945 nomine
533 1896 589 1943 ab
613 1895 781 1944 ovidio
803 1907 1016 1953 amatam,
1043 1914 1225 1963 eamque
1249 1897 1390 1946 exsilii
1420 1918 1595 1949 causam

162 1986 303 2041 poetae
324 1975 473 2024 fuisse.
497 1976 552 2023 In
567 1974 732 2023 ,Iuliam
749 1986 865 2022 certe
885 1972 1039 2022 cadere
1056 1986 1285 2040 nequeunt
1298 1974 1482 2036 indicia,
1501 1997 1597 2044 quae

164 2052 284 2100 Naso
312 2051 367 2100 de
400 2052 492 2101 suis
522 2070 623 2100 cum
649 2051 844 2100 Corinna
872 2050 1005 2099 refert
1033 2051 1274 2099 amoribus.
1317 2053 1443 2101 Hanc
1480 2055 1598 2105 enim

163 2130 328 2219 passim
342 2148 420 2178 ceu
439 2129 626 2197 puellam
643 2130 711 2180 sui
727 2129 864 2196 juris,
883 2148 964 2178 nec
980 2141 1165 2197 nuptam
1183 2130 1339 2197 pingit.
1358 2132 1388 2179 J
1390 2130 1478 2180 ulla
1496 2153 1599 2182 vero

160 2209 247 2275 jam
267 2209 323 2258 ab
350 2227 466 2258 anno
494 2209 550 2255 U.
577 2209 626 2256 C.
660 2220 870 2257 DCCXXIX
903 2208 1117 2257 Marcello
1139 2221 1377 2276 nupserat,
1398 2224 1441 2260 et
1461 2232 1600 2279 quum

162 2286 204 2337 is
239 2287 324 2337 sub
359 2286 465 2335 anni
496 2287 552 2334 U.
593 2285 642 2334 C.
681 2298 891 2336 DCCXXXI
927 2286 1137 2344 obiisset,
1174 2307 1277 2336 mox
1310 2308 1426 2337 anno
1459 2291 1515 2338 U.
1546 2292 1595 2340 C.

165 2376 415 2416 Dccxxxlll
430 2365 638 2423 ineunte,
654 2366 719 2414 M.
734 2365 945 2433 Agrippae
959 2378 1151 2433 nuptum
1170 2356 1224 2415 ab
1241 2369 1448 2430 Augusto
1475 2369 1597 2428 data,

164 2455 299 2512 atque
322 2442 622 2512 subsequente
644 2463 762 2492 anno
788 2435 942 2492 Caium
964 2445 1138 2512 peperit
1170 2444 1199 2492 ³.
1238 2445 1368 2493 Unde
1392 2446 1523 2495 simul
1548 2447 1600 2496 li-

136 2578 139 2581 *
212 2569 221 2588 ¹
248 2566 360 2612 Igitur
371 2566 513 2602 Poetice
528 2593 537 2610 ,
559 2579 626 2601 nec
643 2566 790 2600 omnino
803 2573 896 2601 recte
909 2567 1083 2601 Martialis
1100 2592 1108 2606 ,
1131 2566 1188 2600 lib.
1207 2566 1253 2610 V,
1273 2567 1337 2612 Ep.
1360 2579 1381 2602 x
1395 2595 1405 2611 ,
1425 2582 1575 2614 querens
1589 2597 1599 2614 ,

165 2625 254 2658 vivis
267 2622 465 2668 quodsama
476 2630 618 2668 negatur
628 2650 637 2663 ,
663 2622 783 2657 scribit
801 2634 809 2656 ε
826 2623 936 2658 Norat
954 2624 1122 2659 Nasonem
1138 2622 1209 2657 sola
1232 2621 1389 2659 Corinna
1404 2638 1511 2660 suum.

211 2686 228 2706 ²
252 2683 375 2719 Carm.
396 2685 438 2719 23
454 2697 474 2719 a
492 2697 582 2719 vers·
607 2687 679 2730 ¹57·

214 2744 229 2766 ³
254 2745 333 2782 Vid.
351 2744 475 2782 Diom's
487 2746 586 2782 Hist.
603 2745 644 2781 ad
661 2757 722 2781 eos
737 2757 857 2780 annos.
