<?xml version="1.0" encoding="UTF-8"?>
<!DOCTYPE html PUBLIC "-//W3C//DTD XHTML 1.0 Transitional//EN"
    "http://www.w3.org/TR/xhtml1/DTD/xhtml1-transitional.dtd">
<html xmlns="http://www.w3.org/1999/xhtml" xml:lang="en" lang="en">
 <head>
  <title>
</title>
<meta http-equiv="Content-Type" content="text/html;charset=utf-8" />
  <meta name='ocr-system' content='tesseract 3.04.00' />
  <meta name='ocr-capabilities' content='ocr_page ocr_carea ocr_par ocr_line ocrx_word'/>
</head>
<body>
  <div class='ocr_page' id='page_1' title='image "./quaeextantomniao08oviduoft_0177.png"; bbox 0 0 1794 3100; ppageno 0'>
   <div class='ocr_carea' id='block_1_1' title="bbox 605 205 1625 269">
    <p class='ocr_par' dir='ltr' id='par_1_1' title="bbox 605 205 1625 269">
     <span class='ocr_line' id='line_1_1' title="bbox 605 205 1625 269; baseline -0.001 -18"><span class='ocrx_word' id='word_1_1' title='bbox 605 207 732 251; x_wconf 84' lang='lat' dir='ltr'><strong>PER</strong></span> <span class='ocrx_word' id='word_1_2' title='bbox 765 207 808 250; x_wconf 83' lang='lat' dir='ltr'><strong>J.</strong></span> <span class='ocrx_word' id='word_1_3' title='bbox 847 205 1151 250; x_wconf 83' lang='lat' dir='ltr'><strong>MASSON.</strong></span> <span class='ocrx_word' id='word_1_4' title='bbox 1512 208 1625 269; x_wconf 52' lang='grc' dir='ltr'><strong>μὴ.</strong></span> 
     </span>
    </p>
   </div>
   <div class='ocr_carea' id='block_1_2' title="bbox 114 292 1599 1613">
    <p class='ocr_par' dir='ltr' id='par_1_2' title="bbox 114 292 1599 1232">
     <span class='ocr_line' id='line_1_2' title="bbox 172 292 1596 370; baseline 0.001 -22"><span class='ocrx_word' id='word_1_5' title='bbox 172 325 196 348; x_wconf 83' lang='grc'>»</span> <span class='ocrx_word' id='word_1_6' title='bbox 221 292 379 370; x_wconf 73' lang='lat' dir='ltr'><strong>populi</strong></span> <span class='ocrx_word' id='word_1_7' title='bbox 398 313 465 351; x_wconf 90' lang='lat' dir='ltr'><strong>ter</strong></span> <span class='ocrx_word' id='word_1_8' title='bbox 476 301 589 366; x_wconf 88' lang='lat' dir='ltr'><strong>egit,</strong></span> <span class='ocrx_word' id='word_1_9' title='bbox 609 312 691 349; x_wconf 87' lang='lat' dir='ltr'><strong>etc.</strong></span> <span class='ocrx_word' id='word_1_10' title='bbox 716 322 738 343; x_wconf 88' lang='lat'>»</span> <span class='ocrx_word' id='word_1_11' title='bbox 761 299 932 348; x_wconf 87' lang='lat' dir='ltr'><strong>Eodem</strong></span> <span class='ocrx_word' id='word_1_12' title='bbox 948 299 1078 348; x_wconf 89' lang='lat' dir='ltr'><strong>etiam</strong></span> <span class='ocrx_word' id='word_1_13' title='bbox 1091 299 1210 363; x_wconf 88' lang='lat' dir='ltr'><strong>jure,</strong></span> <span class='ocrx_word' id='word_1_14' title='bbox 1241 321 1262 340; x_wconf 90' lang='lat'>«</span> <span class='ocrx_word' id='word_1_15' title='bbox 1287 300 1481 364; x_wconf 86' lang='lat' dir='ltr'><strong>equitum</strong></span> <span class='ocrx_word' id='word_1_16' title='bbox 1501 311 1596 349; x_wconf 85' lang='lat' dir='ltr'><strong>tur-</strong></span> 
     </span>
     <span class='ocr_line' id='line_1_3' title="bbox 169 376 1597 447; baseline -0.002 -17"><span class='ocrx_word' id='word_1_17' title='bbox 169 403 194 425; x_wconf 88' lang='lat'>»</span> <span class='ocrx_word' id='word_1_18' title='bbox 209 399 312 430; x_wconf 82' lang='lat' dir='ltr'><strong>mas</strong></span> <span class='ocrx_word' id='word_1_19' title='bbox 326 380 580 447; x_wconf 85' lang='lat' dir='ltr'><strong>frequenter</strong></span> <span class='ocrx_word' id='word_1_20' title='bbox 596 377 876 441; x_wconf 84' lang='lat' dir='ltr'>recognovit,</span> <span class='ocrx_word' id='word_1_21' title='bbox 902 388 1009 443; x_wconf 92' lang='lat' dir='ltr'><strong>post</strong></span> <span class='ocrx_word' id='word_1_22' title='bbox 1029 376 1208 439; x_wconf 87' lang='lat' dir='ltr'><strong>longam</strong></span> <span class='ocrx_word' id='word_1_23' title='bbox 1226 376 1597 443; x_wconf 80' lang='lat' dir='ltr'><strong>intercapedinem</strong></span> 
     </span>
     <span class='ocr_line' id='line_1_4' title="bbox 170 446 1594 522; baseline -0.003 -13"><span class='ocrx_word' id='word_1_24' title='bbox 170 482 194 504; x_wconf 71' lang='lat' dir='ltr'><strong>n</strong></span> <span class='ocrx_word' id='word_1_25' title='bbox 219 459 403 509; x_wconf 84' lang='lat' dir='ltr'><strong>reducto</strong></span> <span class='ocrx_word' id='word_1_26' title='bbox 439 477 560 507; x_wconf 88' lang='lat' dir='ltr'><strong>more</strong></span> <span class='ocrx_word' id='word_1_27' title='bbox 578 446 940 506; x_wconf 76' lang='lat' dir='ltr'><strong>transvectionis.</strong></span> <span class='ocrx_word' id='word_1_28' title='bbox 967 456 1055 504; x_wconf 90' lang='lat' dir='ltr'><strong>Sed</strong></span> <span class='ocrx_word' id='word_1_29' title='bbox 1077 473 1219 522; x_wconf 84' lang='lat' dir='ltr'><strong>neque</strong></span> <span class='ocrx_word' id='word_1_30' title='bbox 1243 454 1414 503; x_wconf 84' lang='lat' dir='ltr'><strong>detrahi</strong></span> <span class='ocrx_word' id='word_1_31' title='bbox 1439 475 1594 522; x_wconf 91' lang='lat' dir='ltr'><strong>quem-</strong></span> 
     </span>
     <span class='ocr_line' id='line_1_5' title="bbox 171 535 1597 606; baseline -0.001 -22"><span class='ocrx_word' id='word_1_32' title='bbox 171 561 196 584; x_wconf 75' lang='lat'>»</span> <span class='ocrx_word' id='word_1_33' title='bbox 213 557 354 606; x_wconf 81' lang='lat' dir='ltr'><strong>quam</strong></span> <span class='ocrx_word' id='word_1_34' title='bbox 377 537 430 586; x_wconf 86' lang='lat' dir='ltr'><strong>in.</strong></span> <span class='ocrx_word' id='word_1_35' title='bbox 449 535 770 586; x_wconf 85' lang='lat' dir='ltr'><strong>transvehendo</strong></span> <span class='ocrx_word' id='word_1_36' title='bbox 796 535 850 583; x_wconf 90' lang='lat' dir='ltr'><strong>ab</strong></span> <span class='ocrx_word' id='word_1_37' title='bbox 877 545 1129 582; x_wconf 78' lang='lat' dir='ltr'><strong>accusatore</strong></span> <span class='ocrx_word' id='word_1_38' title='bbox 1163 553 1321 600; x_wconf 87' lang='lat' dir='ltr'><strong>passus</strong></span> <span class='ocrx_word' id='word_1_39' title='bbox 1354 546 1448 591; x_wconf 89' lang='lat' dir='ltr'><strong>est;</strong></span> <span class='ocrx_word' id='word_1_40' title='bbox 1474 536 1597 602; x_wconf 88' lang='lat' dir='ltr'><strong>quod</strong></span> 
     </span>
     <span class='ocr_line' id='line_1_6' title="bbox 172 610 1597 678; baseline -0.004 -11"><span class='ocrx_word' id='word_1_41' title='bbox 172 639 194 660; x_wconf 86' lang='lat'>»</span> <span class='ocrx_word' id='word_1_42' title='bbox 218 615 315 666; x_wconf 83' lang='lat' dir='ltr'><strong>fieri</strong></span> <span class='ocrx_word' id='word_1_43' title='bbox 338 610 512 665; x_wconf 78' lang='lat' dir='ltr'><strong>solebat</strong></span> <span class='ocrx_word' id='word_1_44' title='bbox 530 634 541 662; x_wconf 76' lang='grc' dir='ltr'><strong><em>ε</em></strong></span> <span class='ocrx_word' id='word_1_45' title='bbox 567 626 611 662; x_wconf 90' lang='lat' dir='ltr'><strong>et</strong></span> <span class='ocrx_word' id='word_1_46' title='bbox 631 613 753 662; x_wconf 90' lang='lat' dir='ltr'><strong>senio</strong></span> <span class='ocrx_word' id='word_1_47' title='bbox 769 611 836 662; x_wconf 88' lang='lat' dir='ltr'><strong>vel</strong></span> <span class='ocrx_word' id='word_1_48' title='bbox 849 611 993 678; x_wconf 88' lang='lat' dir='ltr'><strong>aliqua</strong></span> <span class='ocrx_word' id='word_1_49' title='bbox 1012 611 1212 678; x_wconf 86' lang='lat' dir='ltr'><strong>corporis</strong></span> <span class='ocrx_word' id='word_1_50' title='bbox 1230 610 1328 660; x_wconf 81' lang='lat' dir='ltr'><strong>labe</strong></span> <span class='ocrx_word' id='word_1_51' title='bbox 1345 612 1597 675; x_wconf 87' lang='lat' dir='ltr'>insignibus</span> 
     </span>
     <span class='ocr_line' id='line_1_7' title="bbox 170 689 1599 762; baseline 0.001 -24"><span class='ocrx_word' id='word_1_52' title='bbox 170 717 194 738; x_wconf 87' lang='lat'>»</span> <span class='ocrx_word' id='word_1_53' title='bbox 221 692 444 762; x_wconf 82' lang='lat' dir='ltr'><strong>permisit,</strong></span> <span class='ocrx_word' id='word_1_54' title='bbox 469 691 695 759; x_wconf 84' lang='lat' dir='ltr'><strong>praemisso</strong></span> <span class='ocrx_word' id='word_1_55' title='bbox 718 691 765 738; x_wconf 87' lang='lat' dir='ltr'><strong>in</strong></span> <span class='ocrx_word' id='word_1_56' title='bbox 800 690 953 738; x_wconf 86' lang='lat' dir='ltr'><strong>ordine</strong></span> <span class='ocrx_word' id='word_1_57' title='bbox 977 708 1092 756; x_wconf 93' lang='lat' dir='ltr'><strong>equo</strong></span> <span class='ocrx_word' id='word_1_58' title='bbox 1108 727 1120 747; x_wconf 92' lang='lat'><strong>,</strong></span> <span class='ocrx_word' id='word_1_59' title='bbox 1150 689 1206 736; x_wconf 86' lang='lat' dir='ltr'><strong>ad</strong></span> <span class='ocrx_word' id='word_1_60' title='bbox 1241 689 1599 755; x_wconf 88' lang='lat' dir='ltr'><strong>respondendum</strong></span> 
     </span>
     <span class='ocr_line' id='line_1_8' title="bbox 171 768 1598 840; baseline -0.004 -18"><span class='ocrx_word' id='word_1_61' title='bbox 171 796 195 817; x_wconf 67' lang='grc' dir='ltr'><strong>»ν</strong></span> <span class='ocrx_word' id='word_1_62' title='bbox 223 773 398 840; x_wconf 84' lang='lat' dir='ltr'><strong>quoties</strong></span> <span class='ocrx_word' id='word_1_63' title='bbox 429 771 670 820; x_wconf 82' lang='lat' dir='ltr'><strong>citarentur</strong></span> <span class='ocrx_word' id='word_1_64' title='bbox 688 807 700 828; x_wconf 94' lang='lat'><strong>,</strong></span> <span class='ocrx_word' id='word_1_65' title='bbox 721 769 919 837; x_wconf 67' lang='lat' dir='ltr'><strong>,pedibus</strong></span> <span class='ocrx_word' id='word_1_66' title='bbox 951 768 1124 825; x_wconf 87' lang='lat' dir='ltr'><strong>venire,</strong></span> <span class='ocrx_word' id='word_1_67' title='bbox 1154 780 1235 817; x_wconf 90' lang='lat' dir='ltr'><strong>etc.</strong></span> <span class='ocrx_word' id='word_1_68' title='bbox 1269 775 1279 794; x_wconf 94' lang='lat'><em>¹</em></span> <span class='ocrx_word' id='word_1_69' title='bbox 1310 791 1332 811; x_wconf 86' lang='lat'>»</span> <span class='ocrx_word' id='word_1_70' title='bbox 1374 787 1469 835; x_wconf 86' lang='lat' dir='ltr'><strong>quae</strong></span> <span class='ocrx_word' id='word_1_71' title='bbox 1502 788 1598 817; x_wconf 88' lang='lat' dir='ltr'><strong>non</strong></span> 
     </span>
     <span class='ocr_line' id='line_1_9' title="bbox 166 846 1596 922; baseline -0.004 -20"><span class='ocrx_word' id='word_1_72' title='bbox 166 871 322 922; x_wconf 85' lang='lat' dir='ltr'><strong>par-um</strong></span> <span class='ocrx_word' id='word_1_73' title='bbox 347 850 538 901; x_wconf 82' lang='lat' dir='ltr'><strong>Nasonis</strong></span> <span class='ocrx_word' id='word_1_74' title='bbox 561 850 732 908; x_wconf 89' lang='lat' dir='ltr'><strong>locum,</strong></span> <span class='ocrx_word' id='word_1_75' title='bbox 759 868 890 916; x_wconf 91' lang='lat' dir='ltr'><strong>quem</strong></span> <span class='ocrx_word' id='word_1_76' title='bbox 923 860 1183 906; x_wconf 83' lang='lat' dir='ltr'><strong>tractamus,</strong></span> <span class='ocrx_word' id='word_1_77' title='bbox 1209 846 1435 897; x_wconf 87' lang='lat' dir='ltr'><strong>illustrant</strong></span> <span class='ocrx_word' id='word_1_78' title='bbox 1453 887 1465 906; x_wconf 94' lang='lat'><strong>,</strong></span> <span class='ocrx_word' id='word_1_79' title='bbox 1504 867 1596 897; x_wconf 89' lang='lat' dir='ltr'><strong>non</strong></span> 
     </span>
     <span class='ocr_line' id='line_1_10' title="bbox 169 926 1596 996; baseline -0.002 -17"><span class='ocrx_word' id='word_1_80' title='bbox 169 949 294 979; x_wconf 82' lang='lat' dir='ltr'><strong>secus</strong></span> <span class='ocrx_word' id='word_1_81' title='bbox 325 948 375 979; x_wconf 82' lang='lat' dir='ltr'><strong>ac</strong></span> <span class='ocrx_word' id='word_1_82' title='bbox 400 948 496 996; x_wconf 88' lang='lat' dir='ltr'><strong>quae</strong></span> <span class='ocrx_word' id='word_1_83' title='bbox 525 928 641 977; x_wconf 89' lang='lat' dir='ltr'><strong>idem</strong></span> <span class='ocrx_word' id='word_1_84' title='bbox 671 927 912 976; x_wconf 87' lang='lat' dir='ltr'><strong>Suetonius</strong></span> <span class='ocrx_word' id='word_1_85' title='bbox 947 926 1069 975; x_wconf 88' lang='lat' dir='ltr'><strong>addit</strong></span> <span class='ocrx_word' id='word_1_86' title='bbox 1098 941 1108 974; x_wconf 72' lang='grc' dir='ltr'><strong><em>ε</em></strong></span> <span class='ocrx_word' id='word_1_87' title='bbox 1143 948 1166 968; x_wconf 86' lang='lat'>«</span> <span class='ocrx_word' id='word_1_88' title='bbox 1202 926 1536 993; x_wconf 85' lang='lat' dir='ltr'><strong>impetratisque</strong></span> <span class='ocrx_word' id='word_1_89' title='bbox 1572 947 1596 976; x_wconf 88' lang='lat' dir='ltr'><strong>a</strong></span> 
     </span>
     <span class='ocr_line' id='line_1_11' title="bbox 171 1004 1594 1072; baseline -0.003 -16"><span class='ocrx_word' id='word_1_90' title='bbox 171 1029 193 1050; x_wconf 61' lang='grc' dir='ltr'><strong>»ν</strong></span> <span class='ocrx_word' id='word_1_91' title='bbox 221 1019 375 1056; x_wconf 88' lang='lat' dir='ltr'><strong>senatu</strong></span> <span class='ocrx_word' id='word_1_92' title='bbox 409 1007 556 1056; x_wconf 86' lang='lat' dir='ltr'><strong>decem</strong></span> <span class='ocrx_word' id='word_1_93' title='bbox 585 1005 888 1071; x_wconf 85' lang='lat' dir='ltr'><strong>adjutoribus,</strong></span> <span class='ocrx_word' id='word_1_94' title='bbox 915 1023 1276 1072; x_wconf 88' lang='lat' dir='ltr'><strong>unumquemque</strong></span> <span class='ocrx_word' id='word_1_95' title='bbox 1300 1004 1498 1071; x_wconf 88' lang='lat' dir='ltr'><strong>equitum</strong></span> <span class='ocrx_word' id='word_1_96' title='bbox 1519 1023 1594 1052; x_wconf 90' lang='lat' dir='ltr'><strong>ra-</strong></span> 
     </span>
     <span class='ocr_line' id='line_1_12' title="bbox 172 1081 1597 1150; baseline -0.003 -15"><span class='ocrx_word' id='word_1_97' title='bbox 172 1109 195 1129; x_wconf 88' lang='lat'>»</span> <span class='ocrx_word' id='word_1_98' title='bbox 224 1086 389 1144; x_wconf 86' lang='lat' dir='ltr'><strong>tionem</strong></span> <span class='ocrx_word' id='word_1_99' title='bbox 417 1085 516 1133; x_wconf 83' lang='lat' dir='ltr'><strong>vitae</strong></span> <span class='ocrx_word' id='word_1_100' title='bbox 538 1083 718 1132; x_wconf 89' lang='lat' dir='ltr'><strong>reddere</strong></span> <span class='ocrx_word' id='word_1_101' title='bbox 749 1083 922 1146; x_wconf 85' lang='lat' dir='ltr'><strong>coegit:</strong></span> <span class='ocrx_word' id='word_1_102' title='bbox 949 1095 1080 1150; x_wconf 90' lang='lat' dir='ltr'><strong>atque</strong></span> <span class='ocrx_word' id='word_1_103' title='bbox 1103 1102 1155 1132; x_wconf 86' lang='lat' dir='ltr'><strong>ex</strong></span> <span class='ocrx_word' id='word_1_104' title='bbox 1184 1082 1448 1149; x_wconf 87' lang='lat' dir='ltr'><strong>improbatis</strong></span> <span class='ocrx_word' id='word_1_105' title='bbox 1484 1081 1597 1131; x_wconf 89' lang='lat' dir='ltr'><strong>alios</strong></span> 
     </span>
     <span class='ocr_line' id='line_1_13' title="bbox 114 1161 1465 1232; baseline 0.004 -28"><span class='ocrx_word' id='word_1_106' title='bbox 114 1200 117 1204; x_wconf 89' lang='lat'>.</span> <span class='ocrx_word' id='word_1_107' title='bbox 171 1187 195 1208; x_wconf 89' lang='lat'>»</span> <span class='ocrx_word' id='word_1_108' title='bbox 219 1183 376 1232; x_wconf 87' lang='lat' dir='ltr'><strong>poena,</strong></span> <span class='ocrx_word' id='word_1_109' title='bbox 398 1163 512 1212; x_wconf 80' lang='lat' dir='ltr'><strong>alios</strong></span> <span class='ocrx_word' id='word_1_110' title='bbox 533 1162 778 1226; x_wconf 85' lang='lat' dir='ltr'><strong>ignominia</strong></span> <span class='ocrx_word' id='word_1_111' title='bbox 798 1162 987 1219; x_wconf 88' lang='lat' dir='ltr'><strong>notavit,</strong></span> <span class='ocrx_word' id='word_1_112' title='bbox 1014 1174 1094 1212; x_wconf 89' lang='lat' dir='ltr'><strong>etc.</strong></span> <span class='ocrx_word' id='word_1_113' title='bbox 1123 1185 1146 1205; x_wconf 89' lang='lat'>»</span> <span class='ocrx_word' id='word_1_114' title='bbox 1176 1180 1270 1228; x_wconf 82' lang='lat' dir='ltr'><strong>quae</strong></span> <span class='ocrx_word' id='word_1_115' title='bbox 1290 1161 1465 1210; x_wconf 82' lang='lat' dir='ltr'><strong>videsis.</strong></span> 
     </span>
    </p>

    <p class='ocr_par' dir='ltr' id='par_1_3' title="bbox 166 1234 1597 1613">
     <span class='ocr_line' id='line_1_14' title="bbox 232 1234 1597 1307; baseline -0.001 -16"><span class='ocrx_word' id='word_1_116' title='bbox 232 1243 314 1291; x_wconf 88' lang='grc' dir='ltr'><strong>ΙΙΙ.</strong></span> <span class='ocrx_word' id='word_1_117' title='bbox 338 1240 542 1305; x_wconf 86' lang='lat' dir='ltr'><strong>Singulas</strong></span> <span class='ocrx_word' id='word_1_118' title='bbox 561 1259 700 1307; x_wconf 88' lang='lat' dir='ltr'><strong>porro</strong></span> <span class='ocrx_word' id='word_1_119' title='bbox 715 1240 856 1297; x_wconf 85' lang='lat' dir='ltr'><strong>vices,</strong></span> <span class='ocrx_word' id='word_1_120' title='bbox 881 1234 1045 1305; x_wconf 89' lang='lat' dir='ltr'><strong>quibus</strong></span> <span class='ocrx_word' id='word_1_121' title='bbox 1069 1240 1266 1305; x_wconf 88' lang='lat' dir='ltr'><strong>equitum</strong></span> <span class='ocrx_word' id='word_1_122' title='bbox 1292 1253 1457 1288; x_wconf 89' lang='lat' dir='ltr'><strong>turmas</strong></span> <span class='ocrx_word' id='word_1_123' title='bbox 1480 1240 1597 1306; x_wconf 91' lang='lat' dir='ltr'><strong>ipse-</strong></span> 
     </span>
     <span class='ocr_line' id='line_1_15' title="bbox 166 1315 1594 1383; baseline -0.002 -14"><span class='ocrx_word' id='word_1_124' title='bbox 166 1332 258 1370; x_wconf 92' lang='lat' dir='ltr'><strong>met</strong></span> <span class='ocrx_word' id='word_1_125' title='bbox 280 1320 514 1383; x_wconf 87' lang='lat' dir='ltr'><strong>Augustus</strong></span> <span class='ocrx_word' id='word_1_126' title='bbox 530 1317 857 1381; x_wconf 83' lang='lat' dir='ltr'><strong>recognoverit,</strong></span> <span class='ocrx_word' id='word_1_127' title='bbox 879 1316 1077 1374; x_wconf 88' lang='lat' dir='ltr'><strong>definire,</strong></span> <span class='ocrx_word' id='word_1_128' title='bbox 1097 1315 1330 1365; x_wconf 85' lang='lat' dir='ltr'><strong>silentibus</strong></span> <span class='ocrx_word' id='word_1_129' title='bbox 1348 1317 1594 1376; x_wconf 84' lang='lat' dir='ltr'><strong>historicis,</strong></span> 
     </span>
     <span class='ocr_line' id='line_1_16' title="bbox 167 1392 1597 1460; baseline -0.002 -14"><span class='ocrx_word' id='word_1_130' title='bbox 167 1397 302 1446; x_wconf 91' lang='lat' dir='ltr'><strong>nobis</strong></span> <span class='ocrx_word' id='word_1_131' title='bbox 325 1416 416 1445; x_wconf 88' lang='lat' dir='ltr'><strong>non</strong></span> <span class='ocrx_word' id='word_1_132' title='bbox 439 1395 555 1444; x_wconf 87' lang='lat' dir='ltr'><strong>licet.</strong></span> <span class='ocrx_word' id='word_1_133' title='bbox 579 1397 744 1443; x_wconf 88' lang='lat' dir='ltr'><strong>Verum</strong></span> <span class='ocrx_word' id='word_1_134' title='bbox 773 1405 817 1443; x_wconf 91' lang='lat' dir='ltr'><strong>et</strong></span> <span class='ocrx_word' id='word_1_135' title='bbox 846 1392 934 1442; x_wconf 90' lang='lat' dir='ltr'><strong>hoc</strong></span> <span class='ocrx_word' id='word_1_136' title='bbox 958 1412 1073 1442; x_wconf 88' lang='lat' dir='ltr'><strong>anno</strong></span> <span class='ocrx_word' id='word_1_137' title='bbox 1098 1392 1145 1441; x_wconf 90' lang='lat' dir='ltr'><strong>id</strong></span> <span class='ocrx_word' id='word_1_138' title='bbox 1169 1405 1395 1459; x_wconf 87' lang='lat' dir='ltr'><strong>peractum</strong></span> <span class='ocrx_word' id='word_1_139' title='bbox 1413 1430 1425 1451; x_wconf 95' lang='lat'><strong>,</strong></span> <span class='ocrx_word' id='word_1_140' title='bbox 1459 1413 1597 1460; x_wconf 90' lang='lat' dir='ltr'><strong>quum</strong></span> 
     </span>
     <span class='ocr_line' id='line_1_17' title="bbox 169 1469 1597 1535; baseline -0.003 -14"><span class='ocrx_word' id='word_1_141' title='bbox 169 1473 303 1521; x_wconf 92' lang='lat' dir='ltr'><strong>modo</strong></span> <span class='ocrx_word' id='word_1_142' title='bbox 332 1475 499 1521; x_wconf 86' lang='lat' dir='ltr'><strong>Noster</strong></span> <span class='ocrx_word' id='word_1_143' title='bbox 528 1491 651 1520; x_wconf 87' lang='lat' dir='ltr'><strong>suam</strong></span> <span class='ocrx_word' id='word_1_144' title='bbox 683 1473 835 1520; x_wconf 81' lang='lat' dir='ltr'><strong>Artem</strong></span> <span class='ocrx_word' id='word_1_145' title='bbox 860 1469 1082 1527; x_wconf 84' lang='lat' dir='ltr'><strong>ediderat,</strong></span> <span class='ocrx_word' id='word_1_146' title='bbox 1109 1489 1159 1518; x_wconf 86' lang='lat' dir='ltr'><strong>ex</strong></span> <span class='ocrx_word' id='word_1_147' title='bbox 1184 1470 1275 1535; x_wconf 88' lang='lat' dir='ltr'><strong>ejus</strong></span> <span class='ocrx_word' id='word_1_148' title='bbox 1298 1470 1445 1518; x_wconf 86' lang='lat' dir='ltr'><strong>verbis</strong></span> <span class='ocrx_word' id='word_1_149' title='bbox 1471 1469 1597 1518; x_wconf 89' lang='lat' dir='ltr'><strong>colli—</strong></span> 
     </span>
     <span class='ocr_line' id='line_1_18' title="bbox 168 1545 1596 1613; baseline -0.002 -16"><span class='ocrx_word' id='word_1_150' title='bbox 168 1567 270 1613; x_wconf 85' lang='lat' dir='ltr'><strong>gere</strong></span> <span class='ocrx_word' id='word_1_151' title='bbox 296 1549 363 1602; x_wconf 87' lang='lat' dir='ltr'><strong>fas</strong></span> <span class='ocrx_word' id='word_1_152' title='bbox 395 1560 472 1597; x_wconf 91' lang='lat' dir='ltr'><strong>est.</strong></span> <span class='ocrx_word' id='word_1_153' title='bbox 500 1548 636 1598; x_wconf 82' lang='lat' dir='ltr'><strong>Haud</strong></span> <span class='ocrx_word' id='word_1_154' title='bbox 660 1547 792 1611; x_wconf 87' lang='lat' dir='ltr'><strong>longe</strong></span> <span class='ocrx_word' id='word_1_155' title='bbox 822 1545 976 1595; x_wconf 89' lang='lat' dir='ltr'><strong>saltem</strong></span> <span class='ocrx_word' id='word_1_156' title='bbox 1007 1547 1063 1594; x_wconf 86' lang='lat' dir='ltr'><strong>ab</strong></span> <span class='ocrx_word' id='word_1_157' title='bbox 1100 1546 1187 1594; x_wconf 89' lang='lat' dir='ltr'><strong>hoc</strong></span> <span class='ocrx_word' id='word_1_158' title='bbox 1223 1558 1419 1613; x_wconf 86' lang='lat' dir='ltr'><strong>tempore</strong></span> <span class='ocrx_word' id='word_1_159' title='bbox 1449 1565 1596 1594; x_wconf 88' lang='lat' dir='ltr'><strong>remo-</strong></span> 
     </span>
    </p>
   </div>
   <div class='ocr_carea' id='block_1_3' title="bbox 167 1624 1597 1929">
    <p class='ocr_par' dir='ltr' id='par_1_4' title="bbox 167 1624 1597 1929">
     <span class='ocr_line' id='line_1_19' title="bbox 167 1624 1595 1693; baseline -0.001 -18"><span class='ocrx_word' id='word_1_160' title='bbox 167 1627 308 1676; x_wconf 84' lang='lat' dir='ltr'><strong>venda</strong></span> <span class='ocrx_word' id='word_1_161' title='bbox 331 1639 398 1676; x_wconf 92' lang='lat' dir='ltr'><strong>est</strong></span> <span class='ocrx_word' id='word_1_162' title='bbox 424 1627 660 1676; x_wconf 88' lang='lat' dir='ltr'><strong>novissima</strong></span> <span class='ocrx_word' id='word_1_163' title='bbox 690 1638 795 1693; x_wconf 91' lang='lat' dir='ltr'><strong>post</strong></span> <span class='ocrx_word' id='word_1_164' title='bbox 823 1624 1018 1674; x_wconf 89' lang='lat' dir='ltr'><strong>eamdem</strong></span> <span class='ocrx_word' id='word_1_165' title='bbox 1035 1625 1190 1673; x_wconf 89' lang='lat' dir='ltr'><strong>Artem</strong></span> <span class='ocrx_word' id='word_1_166' title='bbox 1208 1624 1367 1672; x_wconf 86' lang='lat' dir='ltr'><strong>editam</strong></span> <span class='ocrx_word' id='word_1_167' title='bbox 1387 1624 1500 1673; x_wconf 87' lang='lat' dir='ltr'><strong>facta</strong></span> <span class='ocrx_word' id='word_1_168' title='bbox 1519 1645 1595 1673; x_wconf 89' lang='lat' dir='ltr'><strong>re-</strong></span> 
     </span>
     <span class='ocr_line' id='line_1_20' title="bbox 169 1703 1597 1771; baseline 0 -17"><span class='ocrx_word' id='word_1_169' title='bbox 169 1705 387 1769; x_wconf 85' lang='lat' dir='ltr'><strong>cognitio,</strong></span> <span class='ocrx_word' id='word_1_170' title='bbox 412 1724 500 1771; x_wconf 87' lang='lat' dir='ltr'><strong>qua</strong></span> <span class='ocrx_word' id='word_1_171' title='bbox 525 1723 679 1753; x_wconf 86' lang='lat' dir='ltr'><strong>rursus</strong></span> <span class='ocrx_word' id='word_1_172' title='bbox 706 1705 826 1752; x_wconf 88' lang='lat' dir='ltr'><strong>Naso</strong></span> <span class='ocrx_word' id='word_1_173' title='bbox 859 1703 1075 1770; x_wconf 86' lang='lat' dir='ltr'><strong>probatus</strong></span> <span class='ocrx_word' id='word_1_174' title='bbox 1100 1704 1157 1751; x_wconf 86' lang='lat' dir='ltr'><strong>ab</strong></span> <span class='ocrx_word' id='word_1_175' title='bbox 1193 1705 1400 1767; x_wconf 88' lang='lat' dir='ltr'><strong>Augusto</strong></span> <span class='ocrx_word' id='word_1_176' title='bbox 1439 1703 1597 1754; x_wconf 88' lang='lat' dir='ltr'><strong>delicta</strong></span> 
     </span>
     <span class='ocr_line' id='line_1_21' title="bbox 167 1782 1594 1849; baseline -0.002 -16"><span class='ocrx_word' id='word_1_177' title='bbox 167 1796 349 1835; x_wconf 85' lang='lat' dir='ltr'><strong>notante</strong></span> <span class='ocrx_word' id='word_1_178' title='bbox 367 1783 473 1832; x_wconf 76' lang='lat' dir='ltr'><strong>fuit.</strong></span> <span class='ocrx_word' id='word_1_179' title='bbox 507 1784 616 1847; x_wconf 83' lang='lat' dir='ltr'><strong>Quo</strong></span> <span class='ocrx_word' id='word_1_180' title='bbox 643 1782 771 1831; x_wconf 88' lang='lat' dir='ltr'><strong>etiam</strong></span> <span class='ocrx_word' id='word_1_181' title='bbox 807 1794 975 1849; x_wconf 88' lang='lat' dir='ltr'><strong>spectat</strong></span> <span class='ocrx_word' id='word_1_182' title='bbox 1010 1782 1202 1847; x_wconf 88' lang='lat' dir='ltr'><strong>ejusdem</strong></span> <span class='ocrx_word' id='word_1_183' title='bbox 1237 1782 1372 1831; x_wconf 89' lang='lat' dir='ltr'><strong>Trist.</strong></span> <span class='ocrx_word' id='word_1_184' title='bbox 1410 1782 1488 1830; x_wconf 88' lang='lat' dir='ltr'><strong>lib.</strong></span> <span class='ocrx_word' id='word_1_185' title='bbox 1515 1785 1559 1831; x_wconf 91' lang='lat' dir='ltr'><strong>II</strong></span> <span class='ocrx_word' id='word_1_186' title='bbox 1582 1821 1594 1840; x_wconf 88' lang='lat'><strong>,</strong></span> 
     </span>
     <span class='ocr_line' id='line_1_22' title="bbox 167 1861 544 1929; baseline -0.003 -19"><span class='ocrx_word' id='word_1_187' title='bbox 167 1881 277 1911; x_wconf 82' lang='lat' dir='ltr'><strong>vers.</strong></span> <span class='ocrx_word' id='word_1_188' title='bbox 303 1861 366 1929; x_wconf 88' lang='lat'><strong>89</strong></span> <span class='ocrx_word' id='word_1_189' title='bbox 384 1873 428 1910; x_wconf 88' lang='lat' dir='ltr'><strong>et</strong></span> <span class='ocrx_word' id='word_1_190' title='bbox 451 1879 514 1928; x_wconf 85' lang='lat'><strong>90</strong></span> <span class='ocrx_word' id='word_1_191' title='bbox 534 1881 544 1909; x_wconf 91' lang='lat'>:</span> 
     </span>
    </p>
   </div>
   <div class='ocr_carea' id='block_1_4' title="bbox 387 1975 1360 2084">
    <p class='ocr_par' dir='ltr' id='par_1_5' title="bbox 387 1975 1360 2084">
     <span class='ocr_line' id='line_1_23' title="bbox 387 1975 1360 2023; baseline -0.002 -11"><span class='ocrx_word' id='word_1_192' title='bbox 387 1977 454 2023; x_wconf 83' lang='lat' dir='ltr'><strong>At,</strong></span> <span class='ocrx_word' id='word_1_193' title='bbox 473 1978 642 2021; x_wconf 85' lang='lat' dir='ltr'><strong>memini,</strong></span> <span class='ocrx_word' id='word_1_194' title='bbox 659 1977 838 2022; x_wconf 81' lang='lat' dir='ltr'><strong>vitamque</strong></span> <span class='ocrx_word' id='word_1_195' title='bbox 853 1989 971 2011; x_wconf 85' lang='lat' dir='ltr'><strong>meam</strong></span> <span class='ocrx_word' id='word_1_196' title='bbox 988 1989 1173 2021; x_wconf 82' lang='lat' dir='ltr'><strong>moresque</strong></span> <span class='ocrx_word' id='word_1_197' title='bbox 1192 1975 1360 2021; x_wconf 81' lang='lat' dir='ltr'><strong>probabas</strong></span> 
     </span>
     <span class='ocr_line' id='line_1_24' title="bbox 433 2037 1199 2084; baseline -0.004 -10"><span class='ocrx_word' id='word_1_198' title='bbox 433 2038 516 2083; x_wconf 86' lang='lat' dir='ltr'><strong>Illo,</strong></span> <span class='ocrx_word' id='word_1_199' title='bbox 533 2051 638 2084; x_wconf 90' lang='lat' dir='ltr'><strong>quem</strong></span> <span class='ocrx_word' id='word_1_200' title='bbox 655 2038 801 2074; x_wconf 85' lang='lat' dir='ltr'><strong>dederas</strong></span> <span class='ocrx_word' id='word_1_201' title='bbox 812 2064 821 2082; x_wconf 87' lang='lat'><strong>,</strong></span> <span class='ocrx_word' id='word_1_202' title='bbox 840 2037 1082 2084; x_wconf 71' lang='lat' dir='ltr'><strong>praetereuntis</strong></span> <span class='ocrx_word' id='word_1_203' title='bbox 1097 2049 1199 2082; x_wconf 88' lang='lat' dir='ltr'><strong>equo.</strong></span> 
     </span>
    </p>
   </div>
   <div class='ocr_carea' id='block_1_5' title="bbox 415 2247 1349 2291">
    <p class='ocr_par' dir='ltr' id='par_1_6' title="bbox 415 2247 1349 2291">
     <span class='ocr_line' id='line_1_25' title="bbox 415 2247 1349 2291; baseline -0.003 -7"><span class='ocrx_word' id='word_1_204' title='bbox 415 2249 525 2284; x_wconf 88' lang='lat' dir='ltr'><strong>Anno</strong></span> <span class='ocrx_word' id='word_1_205' title='bbox 545 2248 587 2284; x_wconf 90' lang='lat' dir='ltr'><strong>C.</strong></span> <span class='ocrx_word' id='word_1_206' title='bbox 605 2260 637 2290; x_wconf 90' lang='lat'><strong>1;</strong></span> <span class='ocrx_word' id='word_1_207' title='bbox 655 2249 704 2284; x_wconf 90' lang='lat' dir='ltr'><strong>U.</strong></span> <span class='ocrx_word' id='word_1_208' title='bbox 722 2248 764 2284; x_wconf 91' lang='lat' dir='ltr'><strong>C.</strong></span> <span class='ocrx_word' id='word_1_209' title='bbox 780 2258 934 2291; x_wconf 78' lang='lat' dir='ltr'><strong>nccx.1v;</strong></span> <span class='ocrx_word' id='word_1_210' title='bbox 953 2247 1074 2284; x_wconf 78' lang='lat' dir='ltr'><strong>Ovidii</strong></span> <span class='ocrx_word' id='word_1_211' title='bbox 1090 2258 1182 2282; x_wconf 75' lang='lat' dir='ltr'><strong>xtur</strong></span> <span class='ocrx_word' id='word_1_212' title='bbox 1199 2254 1236 2282; x_wconf 89' lang='lat' dir='ltr'><strong>et</strong></span> <span class='ocrx_word' id='word_1_213' title='bbox 1253 2258 1349 2282; x_wconf 69' lang='grc' dir='ltr'><strong>κων.</strong></span> 
     </span>
    </p>
   </div>
   <div class='ocr_carea' id='block_1_6' title="bbox 297 2354 1504 2393">
    <p class='ocr_par' dir='ltr' id='par_1_7' title="bbox 297 2354 1504 2393">
     <span class='ocr_line' id='line_1_26' title="bbox 297 2354 1504 2393; baseline -0.003 0"><span class='ocrx_word' id='word_1_214' title='bbox 297 2357 339 2393; x_wconf 90' lang='lat' dir='ltr'><strong>C.</strong></span> <span class='ocrx_word' id='word_1_215' title='bbox 366 2356 582 2393; x_wconf 87' lang='lat' dir='ltr'><strong>CAESARE</strong></span> <span class='ocrx_word' id='word_1_216' title='bbox 606 2355 725 2391; x_wconf 82' lang='lat' dir='ltr'><strong>AUG.</strong></span> <span class='ocrx_word' id='word_1_217' title='bbox 748 2355 788 2391; x_wconf 88' lang='lat' dir='ltr'><strong>F.</strong></span> <span class='ocrx_word' id='word_1_218' title='bbox 813 2355 852 2390; x_wconf 90' lang='lat' dir='ltr'><strong>L.</strong></span> <span class='ocrx_word' id='word_1_219' title='bbox 878 2355 1076 2391; x_wconf 88' lang='lat' dir='ltr'>AEMILIO</span> <span class='ocrx_word' id='word_1_220' title='bbox 1102 2355 1305 2391; x_wconf 88' lang='lat' dir='ltr'><strong>PAULLO</strong></span> <span class='ocrx_word' id='word_1_221' title='bbox 1333 2354 1469 2390; x_wconf 87' lang='lat' dir='ltr'>COSS.</span> <span class='ocrx_word' id='word_1_222' title='bbox 1500 2357 1504 2361; x_wconf 80' lang='grc'><strong><em>’</em></strong></span> 
     </span>
    </p>
   </div>
   <div class='ocr_carea' id='block_1_7' title="bbox 173 2460 1628 2684">
    <p class='ocr_par' dir='ltr' id='par_1_8' title="bbox 173 2460 1628 2684">
     <span class='ocr_line' id='line_1_27' title="bbox 235 2460 1602 2536; baseline -0.004 -24"><span class='ocrx_word' id='word_1_223' title='bbox 235 2465 271 2512; x_wconf 89' lang='grc' dir='ltr'><strong>Ι.</strong></span> <span class='ocrx_word' id='word_1_224' title='bbox 291 2464 455 2512; x_wconf 79' lang='lat' dir='ltr'>CAIUM</span> <span class='ocrx_word' id='word_1_225' title='bbox 474 2463 743 2518; x_wconf 79' lang='lat' dir='ltr'><strong>CAESAREM,</strong></span> <span class='ocrx_word' id='word_1_226' title='bbox 767 2461 930 2536; x_wconf 52' lang='lat' dir='ltr'><strong>dequo</strong></span> <span class='ocrx_word' id='word_1_227' title='bbox 952 2473 1083 2528; x_wconf 87' lang='lat' dir='ltr'><strong>poeta</strong></span> <span class='ocrx_word' id='word_1_228' title='bbox 1103 2473 1255 2510; x_wconf 87' lang='lat' dir='ltr'><strong>noster</strong></span> <span class='ocrx_word' id='word_1_229' title='bbox 1268 2460 1314 2507; x_wconf 89' lang='lat' dir='ltr'><strong>in</strong></span> <span class='ocrx_word' id='word_1_230' title='bbox 1336 2460 1445 2514; x_wconf 81' lang='lat' dir='ltr'><strong>Arte</strong></span> <span class='ocrx_word' id='word_1_231' title='bbox 1467 2460 1602 2507; x_wconf 86' lang='lat' dir='ltr'><strong>Ama-</strong></span> 
     </span>
     <span class='ocr_line' id='line_1_28' title="bbox 173 2539 1628 2607; baseline -0.005 -14"><span class='ocrx_word' id='word_1_232' title='bbox 173 2544 286 2593; x_wconf 89' lang='lat' dir='ltr'><strong>toria</strong></span> <span class='ocrx_word' id='word_1_233' title='bbox 309 2544 427 2593; x_wconf 89' lang='lat' dir='ltr'><strong>canit</strong></span> <span class='ocrx_word' id='word_1_234' title='bbox 441 2581 452 2600; x_wconf 90' lang='lat'><strong>,</strong></span> <span class='ocrx_word' id='word_1_235' title='bbox 479 2562 559 2591; x_wconf 84' lang='lat' dir='ltr'><strong>ceu</strong></span> <span class='ocrx_word' id='word_1_236' title='bbox 584 2543 638 2591; x_wconf 90' lang='lat' dir='ltr'><strong>ad</strong></span> <span class='ocrx_word' id='word_1_237' title='bbox 660 2540 901 2590; x_wconf 76' lang='lat' dir='ltr'><strong>Parthicam</strong></span> <span class='ocrx_word' id='word_1_238' title='bbox 921 2541 1245 2607; x_wconf 86' lang='lat' dir='ltr'><strong>expeditionem</strong></span> <span class='ocrx_word' id='word_1_239' title='bbox 1269 2559 1314 2588; x_wconf 93' lang='lat' dir='ltr'><strong>se</strong></span> <span class='ocrx_word' id='word_1_240' title='bbox 1331 2539 1604 2602; x_wconf 86' lang='lat' dir='ltr'><strong>accingente,</strong></span> <span class='ocrx_word' id='word_1_241' title='bbox 1625 2568 1628 2571; x_wconf 23' lang='grc' dir='ltr'><strong><em>Δ</em></strong></span> 
     </span>
     <span class='ocr_line' id='line_1_29' title="bbox 173 2613 1608 2684; baseline -0.006 -12"><span class='ocrx_word' id='word_1_242' title='bbox 173 2623 262 2672; x_wconf 90' lang='lat' dir='ltr'><strong>hoc</strong></span> <span class='ocrx_word' id='word_1_243' title='bbox 285 2641 402 2671; x_wconf 85' lang='lat' dir='ltr'><strong>anno</strong></span> <span class='ocrx_word' id='word_1_244' title='bbox 426 2620 658 2671; x_wconf 87' lang='lat' dir='ltr'><strong>consulatu</strong></span> <span class='ocrx_word' id='word_1_245' title='bbox 684 2618 934 2668; x_wconf 88' lang='lat' dir='ltr'><strong>decoratum</strong></span> <span class='ocrx_word' id='word_1_246' title='bbox 955 2616 1125 2676; x_wconf 59' lang='lat' dir='ltr'><strong>fuisse,</strong></span> <span class='ocrx_word' id='word_1_247' title='bbox 1150 2619 1255 2668; x_wconf 91' lang='lat' dir='ltr'><strong>dum</strong></span> <span class='ocrx_word' id='word_1_248' title='bbox 1279 2613 1386 2667; x_wconf 59' lang='lat' dir='ltr'><strong>altra</strong></span> <span class='ocrx_word' id='word_1_249' title='bbox 1393 2618 1511 2684; x_wconf 84' lang='lat' dir='ltr'><strong>fines</strong></span> <span class='ocrx_word' id='word_1_250' title='bbox 1533 2636 1608 2664; x_wconf 79' lang='lat' dir='ltr'><strong>ex-</strong></span> 
     </span>
    </p>
   </div>
   <div class='ocr_carea' id='block_1_8' title="bbox 219 2737 724 2784">
    <p class='ocr_par' dir='ltr' id='par_1_9' title="bbox 219 2737 724 2784">
     <span class='ocr_line' id='line_1_30' title="bbox 219 2737 724 2784; baseline -0.008 -10"><span class='ocrx_word' id='word_1_251' title='bbox 219 2742 229 2761; x_wconf 89' lang='lat'><strong>¹</strong></span> <span class='ocrx_word' id='word_1_252' title='bbox 258 2739 403 2774; x_wconf 85' lang='lat' dir='ltr'><strong>Sueton.</strong></span> <span class='ocrx_word' id='word_1_253' title='bbox 420 2739 458 2774; x_wconf 87' lang='lat' dir='ltr'><strong>in</strong></span> <span class='ocrx_word' id='word_1_254' title='bbox 478 2738 568 2784; x_wconf 86' lang='lat' dir='ltr'><strong>Aug.</strong></span> <span class='ocrx_word' id='word_1_255' title='bbox 585 2750 658 2782; x_wconf 86' lang='lat' dir='ltr'><strong>cap.</strong></span> <span class='ocrx_word' id='word_1_256' title='bbox 672 2737 724 2770; x_wconf 86' lang='lat'><strong>38.</strong></span> 
     </span>
    </p>
   </div>
  </div>
 </body>
</html>
