1794 3100
292 244 349 298 40

668 249 720 290 P.
759 250 993 294 OVIDII
1025 251 1330 298 NASONIS

356 340 447 387 Ora
470 358 601 406 super
620 340 694 389 fixi
721 362 849 408 quem
877 345 1066 394 cecidere
1089 346 1193 394 suis.

290 417 388 465 Sive
411 418 526 467 idem
551 420 681 468 simili
703 423 836 487 pinus
861 442 990 489 quem
1012 437 1152 473 morte
1177 427 1385 492 peremit:

353 496 500 562 Phryx
526 509 568 545 et
587 511 765 547 venator
787 500 846 549 sis
869 502 1247 568 Berecynthiades.

1641 519 1707 554 5ιο

289 573 335 620 Si
360 585 435 622 tua
458 576 693 639 contigerit
717 579 891 627 Minoas
915 581 1080 647 puppis
1105 601 1285 639 arenas,

353 653 416 699 Te
441 653 715 719 Corcyraeum
741 656 913 704 Cressia
938 658 1067 706 turba
1088 671 1229 724 putet.

290 729 618 794 Lapsuramque
644 729 820 779 domum
842 732 1022 789 subeas,
1048 746 1099 782 ut
1122 735 1301 797 sanguis
1323 735 1493 807 Alevae,

356 802 491 851 Stella
512 805 796 872 Leoprepidae
822 826 957 873 quum
979 808 1064 857 suit
1085 828 1208 875 aequa
1228 809 1354 856 viro·

293 881 441 945 thue
461 881 527 928 vel
551 883 726 932 Evenus
748 885 931 932 torrenti
954 885 1130 934 flumine
1157 905 1326 934 mersus
1341 923 1352 943 ‚

293 990 463 1026 dormiret
477 991 672 1027 meridiano
693 1000 776 1028 aestu
790 1020 799 1038 ‚
817 994 971 1028 solutum

292 1042 365 1088 apri
383 1050 502 1088 caput,
521 1043 726 1078 dormientis
742 1058 779 1079 os
793 1045 971 1089 oppressit.

337 1097 411 1130 508.
441 1096 511 1129 Ora
533 1109 630 1139 super
653 1099 740 1129 ,πενί-
767 1096 908 1130 Rectius
933 1097 969 1130 in

294 1147 367 1182 aliis
388 1148 561 1193 impressis
588 1156 623 1183 et
650 1148 752 1183 Maff.
782 1150 852 1183 Ora
876 1162 974 1193 super

281 1201 364 1244 fixi.
386 1198 492 1234 C1or.

340 1254 414 1297 5⁰9-
432 1252 544 1295 Atque
558 1254 655 1286 idem.
674 1252 759 1298 Atys
772 1259 806 1286 et
819 1253 969 1288 Nauclus

294 1303 388 1346 pinei
406 1304 501 1348 pomi
518 1317 597 1338 casu
614 1303 828 1338 dormientes
843 1304 880 1338 in
898 1316 969 1339 ve-

295 1354 436 1389 natione
454 1355 569 1389 obruti
583 1363 675 1399 sunt.

340 1409 415 1440 5ιο.
439 1409 585 1441 Venator
600 1409 747 1451 Phrrgia
766 1410 878 1451 sisque
893 1409 970 1441 Be-

294 1460 494 1492 rentbiades.
512 1460 592 1493 Non
611 1465 770 1493 constant
785 1458 847 1492 sibi
864 1458 968 1492 codi-

294 1524 367 1552 ces3
393 1510 547 1556 plerique
561 1523 569 1545 :
586 1525 603 1540 «
618 1511 756 1555 Frigida
767 1517 914 1544 venator
926 1510 970 1545 sis

296 1563 598 1610 Berecyntheades
610 1590 622 1606 ,
648 1578 665 1593 »
680 1563 734 1597 vel
751 1565 865 1606 Frigm
881 1589 890 1602 ,
913 1563 970 1597 vel

296 1619 423 1650 Frixl‘a.
445 1616 536 1660 Lege
562 1629 570 1649 :
588 1630 604 1645 «
626 1615 743 1662 Phryx
767 1623 970 1658 tuvenator

295 1666 339 1701 sis
354 1667 657 1714 Berecynthiades.
670 1682 686 1696 »
705 1667 837 1701 HEINS.

342 1721 416 1754 511.
441 1720 588 1752 ,Mt‘rmas-
613 1718 704 1753 Socii
731 1718 862 1752 Minois
880 1717 970 1763 regis

296 1771 473 1806 interfecti
494 1772 529 1805 in
551 1771 665 1806 Sicilia
688 1771 852 1815 iniuriam
877 1770 969 1805 ulci-

296 1831 443 1866 scentes,
456 1824 652 1868 quicunque
664 1837 703 1858 ex
713 1823 826 1858 Sicilia
838 1824 874 1857 in
887 1822 970 1857 Cre-

298 1882 370 1908 tam
382 1875 589 1921 navigarunt
602 1901 611 1917 ,
629 1875 894 1909 interficiebant.

342 1929 416 1963 513.
428 1930 623 1973 Lapsuram.
635 1928 768 1971 Alcide,
782 1927 898 1962 Alebae
910 1928 971 1961 La-

298 1982 399 2015 rissaei
421 1980 489 2014 filia
506 2007 514 2023 ,
535 1993 616 2015 cum
635 1980 711 2014 viro
725 1980 894 2027 Lycoride
912 1993 971 2014 ea-

299 2034 379 2068 dem
397 2033 522 2070 domus
537 2033 638 2067 ruina
655 2034 777 2068 obruta
794 2040 855 2068 est.
867 2033 970 2067 DOM.

298 2106 342 2112 —
358 2088 405 2120 Ut
418 2089 556 2130 sanguis
571 2086 695 2120 Aleooe.
707 2086 860 2120 Videtur
870 2093 971 2131 poeta

298 2138 475 2173 historiam
489 2137 679 2173 Simonidae
690 2137 882 2183 significare
894 2164 903 2181 ‚
915 2150 971 2171 cu-

298 2192 354 2236 jus
365 2191 559 2225 meminere
573 2190 688 2224 Valer.
706 2190 848 2224 Maxim.
863 2190 921 2224 lib.
934 2191 969 2234 I,

298 2257 369 2288 cap.
387 2244 429 2278 de
447 2243 624 2277 Miraculis
638 2269 646 2285 ,
668 2250 703 2277 et
723 2242 847 2277 Cicero
862 2243 945 2277 item
959 2271 967 2282 ,

297 2296 354 2329 lib.
370 2296 403 2329 11
421 2295 463 2329 de
475 2295 643 2336 Oratore,
662 2294 763 2336 hujus
775 2295 879 2329 verba
889 2303 970 2330 sunt

298 2348 371 2382 haec
388 2361 396 2382 ·.
412 2363 427 2377 ·‹
444 2348 575 2382 Dicunt
591 2348 685 2382 enim
696 2372 705 2389 ,
723 2360 832 2391 quum
847 2361 970 2382 coena-

298 2406 352 2433 ret
363 2399 527 2434 Cranone
539 2399 574 2433 in
587 2399 760 2434 Thessalia
773 2398 970 2434 Simonides

297 2453 389 2497 apud
412 2454 559 2498 Scopam
574 2479 583 2495 ,
607 2453 823 2487 fortunatum
847 2451 970 2486 homi-

299 2517 384 2538 nem
406 2511 441 2538 et
463 2505 614 2538 nobilem
631 2530 640 2547 ‚
667 2503 911 2548 cecinissetque
933 2503 969 2537 id

299 2568 438 2591 carmen
456 2557 545 2600 quod
565 2557 598 2590 in
617 2569 698 2590 eum
714 2555 897 2602 scripsisset
908 2581 917 2599 ,
933 2556 967 2590 in

300 2620 369 2652 quo
393 2608 501 2641 multa
523 2607 558 2641 in
582 2607 765 2642 Castorem
787 2608 911 2652 scripta
936 2615 971 2642 et

302 2659 481 2693 Pollucem
497 2658 662 2701 fuissent,
681 2660 784 2694 nimis
795 2659 891 2693 illum
901 2672 971 2693 sor-

303 2711 382 2745 dide
395 2711 567 2746 Simonidi
581 2711 699 2745 dixisse
710 2738 718 2754 ,
736 2726 771 2746 se
786 2711 971 2746 dimidium

301 2764 375 2807 ejus
388 2789 397 2807 ‚
420 2763 452 2798 ei
471 2762 563 2809 quod
587 2769 704 2808 pactus
722 2770 809 2798 esset
830 2776 894 2807 pro
912 2762 970 2798 illo

1643 899 1708 934 515

1009 999 1013 1001 “
1036 994 1189 1028 carmine
1210 994 1375 1029 daturum
1391 1009 1400 1036 ;
1418 995 1593 1040 reliquum
1608 1009 1627 1031 a
1640 996 1710 1032 suis

1036 1046 1247 1091 Tyndaridis
1260 1073 1269 1088 ,
1295 1059 1380 1092 quos
1400 1060 1497 1093 seque
1518 1047 1709 1093 laudasset,

1036 1104 1170 1140 peteret
1184 1123 1193 1140 ,
1210 1097 1238 1131 si
1255 1098 1286 1132 ei
1304 1098 1492 1133 videretur.
1507 1099 1619 1134 Paulo
1634 1107 1711 1146 post

1035 1147 1156 1183 ferunt
1184 1162 1255 1184 esse
1279 1151 1484 1185 nunciatum
1511 1150 1707 1196 Simonidi,

1036 1205 1075 1233 ut
1094 1199 1248 1243 prodiret
1269 1213 1277 1235 :
1300 1201 1444 1246 juvenes
1467 1209 1555 1237 stare
1578 1202 1621 1236 ad
1648 1203 1709 1247 ja·-

1035 1262 1143 1284 nuam
1159 1251 1246 1286 duos
1263 1252 1450 1298 quosdam,
1468 1253 1527 1298 qui
1543 1265 1625 1288 eum
1637 1266 1709 1288 ma-

1035 1313 1186 1346 gnopere
1199 1311 1400 1348 evocarent,
1414 1304 1597 1340 surrexisse
1609 1303 1708 1339 illum

1034 1354 1169 1399 ipsum}
1185 1355 1337 1400 prodisse
1348 1382 1357 1400 ,
1373 1356 1496 1392 vidisse
1512 1358 1707 1392 neminem.

1035 1406 1115 1441 Hoc
1132 1407 1273 1442 interim
1289 1408 1399 1454 spatio
1417 1409 1576 1444 conclave
1593 1408 1679 1443 illud
1696 1436 1706 1454 ,

1034 1458 1094 1493 ubi
1119 1461 1318 1503 epularetur
1339 1461 1466 1506 Scopas
1491 1461 1676 1497 concidisse
1697 1474 1707 1497 t

1035 1523 1075 1545 ea
1090 1511 1191 1545 ruina
1204 1512 1317 1557 ipsum
1331 1526 1533 1559 oppressum
1546 1526 1626 1548 cum
1638 1513 1708 1548 suis

1034 1562 1203 1598 interiisse
1216 1591 1225 1607 ,
1242 1572 1305 1599 etc.
1325 1579 1342 1595 »
1366 1565 1448 1600 Fuit
1468 1565 1564 1599 enim
1581 1564 1709 1610 Scopas

1036 1614 1154 1649 Alevae
1175 1617 1310 1661 sanguis
1329 1643 1338 1659 ,
1364 1617 1429 1651 hoc
1452 1623 1524 1659 est,
1553 1629 1595 1651 ex
1619 1616 1709 1651 illius

1035 1668 1201 1712 progenie
1217 1695 1225 1711 ,
1246 1668 1428 1709 Creontis,
1447 1676 1481 1703 et
1499 1668 1711 1704 Echecratioe

1036 1718 1145 1760 filius,
1163 1727 1200 1754 ut
1214 1720 1383 1765 interpres
1397 1720 1575 1755 Theocriti
1594 1719 1710 1755 tradit.

1037 1770 1107 1804 Per
1123 1774 1254 1806 stellam
1269 1785 1352 1818 ergo
1367 1771 1548 1807 Castorem
1568 1779 1603 1807 et
1619 1772 1711 1807 Pol—

1036 1824 1149 1858 lucem
1163 1851 1171 1867 ,
1194 1825 1252 1870 qui
1270 1825 1505 1860 Geminorum
1520 1825 1613 1860 sidus
1623 1837 1711 1859 con-

1035 1876 1185 1912 stituunt
1198 1904 1207 1920 ,
1229 1878 1384 1923 intelligo
1405 1890 1413 1911 ε
1436 1890 1498 1922 per
1517 1877 1711 1923 Lycoridem

1037 1937 1154 1963 autem
1171 1930 1286 1963 virum
1298 1956 1307 1973 ,
1327 1928 1559 1964 Simonidem.
1582 1929 1675 1963 M1c.

1082 1984 1155 2024 514.
1172 1984 1275 2016 Stella
1293 1984 1472 2029 lycort‘doe.
1490 1982 1599 2017 Recte
1620 1981 1710 2015 Leo—

1030 2037 1179 2077 prepidoe
1195 2034 1348 2080 Scaliger
1360 2034 1566 2069 Ausonianis
1579 2033 1710 2069 Lectio-

1036 2085 1138 2120 nibus
1154 2113 1163 2129 ,
1186 2086 1345 2121 insistens
1374 2086 1522 2131 vestigiis
1549 2093 1708 2120 veterum

1005 2155 1007 2158 ·
1037 2138 1292 2184 exemplarium:
1302 2138 1489 2184 Leoprepis
1499 2138 1589 2173 filius
1598 2138 1710 2173 Simo-

1036 2190 1153 2232 nides3
1173 2191 1219 2225 ita
1234 2191 1358 2235 passim
1375 2197 1541 2225 auctores.
1553 2189 1709 2235 H.—Ly-

1035 2245 1164 2278 corz'doe.
1177 2243 1247 2278 Sed
1262 2256 1324 2277 cur
1336 2244 1515 2288 chon'des
1525 2241 1567 2276 ab
1577 2239 1708 2275 ovidio

1037 2295 1236 2330 Simonides
1248 2293 1383 2329 dictus?
1395 2294 1516 2327 Haeret
1527 2291 1688 2339 Micyllus
1699 2306 1707 2333 ;

1036 2355 1076 2382 ut
1100 2355 1136 2382 et
1156 2348 1312 2382 Turneb.
1336 2358 1441 2390 quem
1464 2344 1541 2379 vide
1566 2344 1623 2378 lib.
1654 2345 1707 2379 IX

1037 2401 1126 2435 Adv.
1146 2414 1217 2446 cap.
1235 2404 1286 2436 25.
1308 2400 1354 2434 At
1370 2399 1442 2433 JoS.
1459 2397 1581 2443 Scalig.
1598 2397 1655 2432 lib.
1671 2398 1708 2433 II

1037 2453 1170 2488 Auson.
1191 2453 1283 2487 Lect.
1299 2463 1371 2496 cap.
1387 2450 1453 2493 30,
1473 2448 1554 2495 legit
1574 2461 1582 2483 ε
1604 2450 1710 2483 Stella

1036 2506 1245 2549 Leoprepidae
1256 2506 1316 2538 cui
1323 2509 1387 2537 etc
1401 2501 1481 2536 Fuit
1494 2502 1588 2536 enim
1604 2508 1708 2546 Σιμω-

1036 2561 1122 2597 νίδης
1136 2560 1326 2605 Asamum&
1337 2579 1346 2596 ‚
1362 2560 1402 2587 ut
1414 2554 1459 2587 ait
1472 2552 1616 2596 Suidas‚
1632 2565 1707 2586 non

1036 2616 1153 2643 tamen
1170 2607 1291 2652 ignoro
1311 2603 1411 2650 paulo
1431 2612 1506 2650 post
1526 2604 1561 2638 in
1580 2604 1706 2639 eodem

1037 2659 1144 2694 Suida
1160 2658 1224 2703 legi
1239 2661 1299 2693 υἱὸν
1314 2663 1501 2705 (θεοπρεποῦς.
1514 2658 1557 2691 V.
1574 2656 1712 2690 ANDR.

1080 2713 1153 2746 515.
1175 2710 1288 2753 thue.
1308 2708 1467 2751 Evenus,
1483 2719 1590 2752 quum
1610 2707 1707 2740 Mar-

1035 2762 1160 2807 pissam
1182 2760 1287 2796 filiam
1306 2759 1576 2806 pulcherrimam
1597 2758 1706 2793 habe-
