1794 3100
569 211 700 254 PER
733 211 777 252 J.
813 208 1119 253 MASSON.
1478 226 1551 254 ιιι

134 318 239 374 post
257 313 442 372 sequente
461 303 528 354 dic
544 342 566 358 ,,
584 302 783 350 indutam
803 318 895 350 esse
910 340 922 359 ‚
945 313 996 349 ut
1018 319 1161 367 operae
1182 301 1371 366 pretium
1391 322 1479 351 non
1502 304 1562 352 sit

133 395 305 434 serram
319 381 402 435 hac'
426 380 547 433 degree
568 379 854 446 reciprocare.

198 461 268 509 Ea·
279 478 416 527 porro
425 459 662 509 novissima
675 456 978 506 observatione
995 494 1007 513 ‚
1025 467 1076 504 ut
1088 456 1174 505 hoc
1187 456 1342 505 addam
1357 494 1368 514 ‚
1394 457 1442 505 id
1455 477 1561 523 quo-

134 555 220 603 que
243 537 355 596 ruit,
382 536 504 604 quod
536 536 676 585 eidem
699 534 752 583 cl.
778 535 873 583 viro
889 572 901 592 ‚
937 534 1195 583 Rubenium
1220 547 1371 584 secuto
1388 571 1400 593 ‚
1426 534 1486 582 ita
1510 534 1563 582 li—

134 614 319 681 quidum
353 614 610 671 videbatur,
637 625 688 662 ut
713 612 829 661 nihil
851 611 1016 675 magis3
1054 635 1075 654 «
1110 612 1377 661 Patrt'tcbrmn
1405 631 1562 678 nempe

136 714 161 735 »
188 690 304 741 filios
324 691 462 741 latum
486 691 656 741 clavum
678 703 871 755 gestasse
895 702 994 740 ante
1014 703 1162 754 togam
1183 690 1351 739 virilem
1376 691 1422 738 in
1446 709 1564 757 prae-

136 790 161 812 »
187 781 327 828 texta;
353 770 570 837 siquidem
586 769 656 818 die
675 769 867 818 tirocinii
888 768 1081 817 tunicam
1099 779 1260 817 rectam
1278 767 1388 816 boni
1404 767 1564 817 ominis

136 869 160 890 »
188 866 318 896 causa
341 847 609 906 induebant3
634 848 751 896 unde
773 849 981 912 Augusto
1005 845 1174 894 virilem
1196 856 1343 907 togam
1360 845 1564 893 induenti

146 917 333 974 ›tunica
351 912 586 984 laticlavia,
605 945 700 992 quae
712 925 766 974 ad
778 924 911 992 pedes
926 922 1045 972 illius
1061 921 1343 971 decidebat»
1365 922 1563 981 Etenim,

137 1001 321 1068 inquam
343 1021 449 1066 ego,
477 1022 612 1069 quum
639 1002 910 1051 Suetonius¹
938 1001 1124 1051 scribit:
1150 1003 1371 1068 Augusto,
1399 1003 1573 1048 sument!

134 1081 293 1129 virilem
323 1081 459 1130 tunica
486 1081 566 1130 lati
589 1082 720 1137 clavi,
756 1090 888 1130 resuta
912 1100 968 1129 ex
1001 1091 1167 1148 utraque
1185 1091 1305 1145 parte
1319 1119 1328 1135 2
1362 1079 1423 1128 ad
1442 1079 1568 1146 pedes

134 1157 308 1215 decidit,·
339 1178 434 1209 non
468 1159 607 1222 magis
642 1160 769 1208 istam
801 1159 1062 1208 sententiam
1091 1159 1242 1224 juvat,
1271 1176 1402 1224 quam
1437 1157 1566 1205 aliam

134 1234 480 1284 existimantium
496 1274 507 1293 ‚
527 1236 732 1302 patritios
745 1236 811 1284 uti
827 1248 870 1283 et
884 1248 1064 1284 caeteros
1081 1233 1257 1283 nobiles
1275 1253 1438 1300 pueros
1461 1252 1569 1303 non-

134 1309 223 1358 nisi
244 1330 345 1360 cum
368 1323 473 1375 toga
503 1330 616 1379 pura
638 1311 777 1364 latum
798 1311 996 1364 induisse
1027 1310 1209 1362 clavum.
1245 1311 1426 1376 Semper
1455 1322 1568 1358 certe

134 1389 250 1438 redit
273 1391 460 1458 quaestio
474 1428 486 1450 ,
512 1411 645 1459 quam
664 1411 716 1441 ex
735 1411 791 1445 eo,
807 1391 1010 1446 Suetonii
1032 1391 1133 1440 loco
1156 1390 1448 1442 Casaubonus
1468 1409 1568 1456 pro-

134 1468 308 1540 posuit3
335 1489 549 1536 quotsum
565 1508 578 1528 ‚
602 1469 767 1522 scilicet
788 1471 876 1529 isto
899 1470 998 1523 loco
1025 1483 1067 1520 et
1091 1482 1293 1537 tempore
1313 1489 1361 1518 ea
1393 1470 1565 1528 tunica,

134 1545 221 1596 nisi
252 1545 317 1596 vel
346 1566 445 1597 cum
471 1547 586 1597 virili
608 1561 712 1612 toga
735 1561 853 1602 esset
872 1549 1122 1607 induenda,
1149 1549 1216 1599 vel
1239 1568 1349 1599 cum·
1360 1559 1569 1615 praetexta
1648 1591 1653 1594 .

134 1615 416 1690 deponenda
404 1626 429 1660 ἶ)
443 1627 598 1698 Neque
613 1627 837 1693 sequitur,
852 1628 1109 1690 Augustum
1127 1646 1176 1675 ea
1195 1627 1342 1676 tunica
1358 1626 1567 1674 indutum

135 1719 235 1749 cum
261 1714 471 1768 praetexta
492 1704 540 1751 in
560 1705 726 1755 Forum
745 1704 819 1756 die
836 1704 1029 1757 tirocinii
1050 1704 1250 1761 venisse,
1274 1704 1312 1752 si
1334 1724 1400 1752 eo
1412 1704 1481 1753 die
1505 1716 1568 1752 tu

134 1780 276 1830 nicam
315 1791 462 1830 rectam
496 1782 719 1831 sumserit.
745 1784 857 1831 Nam
893 1794 938 1830 et
969 1783 1081 1830 hanc
1117 1794 1160 1830 et
1198 1782 1439 1831 laticlaviam
1476 1795 1568 1830 tum

134 1858 316 1908 induere
338 1859 521 1926 potuit„
537 1860 575 1914 si.
599 1878 686 1919 una
707 1859 842 1909 fuerit
866 1860 1105 1927 eademque
1131 1860 1298 1918 tunica,
1324 1859 1393 1907 vel
1418 1861 1454 1909 si
1485 1860 1568 1908 du-

134 1935 238 2002 plex
250 1936 405 1986 induta
420 1937 503 1995 sit3
532 1956 671 2004 quum
689 1937 948 1987 alterutrum
968 1951 1121 1985 contra
1138 1956 1303 1985 morem
1326 1956 1419 1986 esse
1437 1957 1567 1986 nemo

135 2012 664 2080 hactenus.‚prqusser-it.v
689 2014 1025 2081 Deindeffquum
1052 2014 1327 2072 Dio-diserte
1350 2014 1492 2063 tradat
1517 2022 1533 2040 ²
1554 2053 1566 2073 ,

136 2104 321 2159 propter
343 2082 595 2153 becumen
624 2093 782 2145 tunicae
812 2092 1036 2153 laticlaviae
1065 2092 1294 2160 adspedes
1329 2093 1570 2151 decidentis

135 2171 309 2220 ,Iulium
331 2170 534 2227 retulisse
553 2173 789 2228 Octavium
804 2211 817 2232 ,
842 2173 919 2240 qui
937 2173 1126 2240 posthac
1145 2174 1401 2237 Augustus,
1427 2173 1473 2221 in
1494 2193 1569 2240 par

100 2310 106 2315 .
139 2250 290 2298 tricios
308 2269 317 2307 ;
339 2249 459 2298 haud
477 2250 584 2299 satis
603 2262 669 2298 est
688 2251 898 2303 Rubenio
922 2251 1183 2319 Graevioque
1198 2251 1390 2301 >Dionem
1408 2254 1569 2300 erroris

138 2345 320 2391 arguere
332 2365 344 2385 ‚
363 2328 452 2381 nisi
464 2346 557 2377 rem
576 2327 702 2378 aliter
719 2348 765 2378 se
784 2330 949 2382 habere
961 2368 971 2388 ,
993 2329 1078 2382 alio
1096 2326 1363 2397 probassent
1381 2330 1569 2392 graviori

140 2407 421 2466 testimonio,
457 2409 579 2475 quod
610 2421 755 2457 tamen
776 2410 832 2457 ab
863 2409 951 2458 illis
981 2411 1232 2461 adhucdum
1254 2422 1567 2477 exspectamus.

140 2490 297 2555 Neque
322 2487 499 2536 tandem
520 2487 617 2537 ullo
641 2488 904 2537 confirmant
926 2500 1061 2547 teste,
1087 2488 1214 2537 aliam
1245 2489 1326 2536 hac
1351 2489 1399 2537 in
1420 2508 1466 2538 re
1489 2507 1570 2554 pa-

140 2568 336 2616 tn'tiorum
354 2567 490 2617 fuisse
502 2606 513 2626 ,
541 2587 672 2634 quam
692 2580 947 2618 caeterorum
966 2566 1188 2616 nobilium
1206 2587 1444 2635 puerorum
1463 2588 1570 2618 cau-

187 2684 198 2703 ¹
224 2682 267 2717 In
286 2681 376 2727 Aug.
391 2694 464 2727 cap.
480 2684 533 2730 94.

187 2740 202 2758 ²
225 2737 299 2773 Lib.
316 2737 431 2780 XLV,
452 2751 527 2784 pag.
546 2749 644 2798 2743&
