1794 3100
278 262 359 308 190
438 304 440 306 Ι
707 247 759 288 Ρ.
797 246 1035 291 OVIDII
1071 246 1239 291 VITA

268 359 348 407 per
371 339 488 387 varia
509 356 689 386 munera
712 351 930 404 peractam
947 339 1102 396 fuisse,
1127 351 1171 387 et
1193 338 1278 405 ipsi
1302 339 1506 401 Augusto
1528 339 1698 405 proba-

271 432 382 477 tam,
411 436 547 484 quum
572 417 773 482 equitum
798 428 961 466 turmas
983 429 1340 480 recognosceret,
1366 417 1489 484 quod
1517 430 1562 466 et
1595 430 1699 484 post

271 517 338 546 an.
364 497 420 544 U.
450 496 498 544 C.
525 506 681 543 DCCLII
706 493 892 552 factum,
919 513 967 542 ac
990 494 1178 560 proinde
1197 505 1302 560 post
1316 493 1472 551 Julioe,
1501 495 1698 557 Augusti

267 573 365 622 filiae
379 611 389 631 ,
415 571 723 634 relegationem
737 609 748 628 ‚
772 570 837 618 uti
867 570 923 619 ad
954 589 1053 619 eum
1083 590 1245 619 annum
1280 570 1510 621 docuimus
1526 591 1536 631 ;
1575 571 1698 620 addit

267 652 454 708 Noster,
479 666 587 696 vers,
615 646 796 713 97-108
817 667 827 694 :

489 747 551 781 Me
568 728 754 781 miserum!
772 745 890 791 potui,
907 745 934 780 si
950 758 1023 779 non
1041 754 1223 781 EXTREMA
1240 753 1410 781 nocerent
1421 773 1430 791 ,

529 807 669 843 Judicio
685 813 780 842 tutus
795 819 868 841 non
884 806 991 841 semel
1008 819 1080 842 esse
1098 814 1168 842 tuo.
1428 804 1430 806 ’

488 869 647 904 ULTIMA
663 881 719 902 me
736 867 891 912 perdunt
910 880 919 908 ς
946 867 1087 913 imoque
1104 867 1168 902 sub
1183 879 1320 912 aequore
1335 868 1463 915 mergit

528 929 747 964 Incolumem
767 931 867 963 toties
885 940 954 962 una
970 928 1119 973 procella
1132 935 1255 963 ratem.

488 989 564 1024 Nec
578 988 665 1023 mihi
681 1001 758 1033 pars
774 987 895 1022 nocuit
910 987 952 1022 de
969 988 1102 1033 gurgite
1124 1001 1228 1033 parva
1244 987 1324 1023 :sed
1342 991 1464 1023 omnes

533 1050 696 1083 Pressere
712 1049 778 1083 hoc
792 1048 919 1083 fluctus
938 1048 1175 1094 Oceanusque
1189 1055 1303 1093 caput.

489 1108 566 1144 Cur
582 1108 711 1154 aliquid
728 1111 832 1144 vidi?
847 1122 910 1143 cur
923 1112 1028 1143 noxia
1043 1111 1172 1143 lumina
1191 1108 1259 1144 feci
1276 1109 1291 1143 ?

534 1169 610 1204 Cur
628 1169 844 1214 imprudenti
860 1169 998 1214 cognita
1012 1172 1112 1214 culpa
1126 1168 1213 1204 mihi
1226 1169 1242 1204 ?

486 1229 618 1264 Inscius
634 1229 780 1264 Actaeon
797 1228 883 1264 vidit
898 1229 972 1264 sine
991 1237 1085 1265 veste
1103 1229 1255 1264 Dianam
1269 1244 1277 1264 :

527 1290 651 1325 Praeda
666 1291 734 1324 fuit
750 1290 891 1325 canibus
906 1303 979 1325 non
996 1290 1113 1325 minus
1129 1290 1184 1325 ille
1200 1291 1278 1326 suis.

486 1350 624 1386 Scilicet
639 1351 676 1385 in
693 1352 826 1395 Superis
841 1344 947 1385 etiam
953 1351 1098 1396 fortuna
1113 1352 1243 1394 luenda
1261 1359 1312 1387 est
1325 1367 1333 1394 ς

525 1412 600 1447 Nec
615 1411 754 1447 veniam
771 1412 851 1447 laeso
868 1406 1015 1447 numine
1031 1426 1133 1448 casus
1148 1412 1263 1448 habet.

266 1493 334 1538 Ex
354 1489 516 1555 quibus
536 1490 702 1556 pariter
720 1489 829 1537 mihi
850 1490 1002 1538 videor
1020 1490 1222 1554 colligere
1240 1490 1305 1539 fas
1324 1510 1418 1541 esse
1432 1529 1444 1551 ‚
1477 1500 1535 1541 1⁰.
1560 1491 1687 1541 illum

266 1586 476 1625 errorem,
504 1565 727 1632 culpamve
738 1604 749 1624 ,
776 1567 901 1632 cujus
933 1567 1098 1616 inscius
1131 1569 1251 1616 Naso
1283 1587 1384 1616 reus
1418 1568 1558 1617 factus
1591 1580 1657 1617 est
1673 1606 1685 1625 ‚

264 1645 523 1705 Augustum
546 1642 722 1708 speciali
745 1642 878 1691 modo
901 1643 1130 1705 tetigisse&
1146 1643 1362 1710 siquidem
1379 1646 1542 1693 Noster
1559 1663 1689 1693 suum

267 1739 416 1768 casum
436 1718 658 1767 Actaeonis
676 1719 920 1768 infortunio
939 1719 1180 1778 adsimilat‚
1204 1739 1253 1768 ac
1274 1720 1388 1770 clare
1404 1720 1590 1779 indicat,
1607 1740 1690 1770 suo

269 1815 448 1863 quoque
473 1815 619 1845 errore
641 1816 784 1845 numen
807 1816 902 1845 esse
923 1796 1074 1846 laesum
1088 1835 1100 1855 ‚
1124 1797 1207 1845 hoc
1230 1810 1318 1856 est,
1342 1798 1488 1865 ipsum
1509 1799 1690 1866 Augus-

266 1887 389 1931 tum,
416 1893 546 1940 quem
577 1874 740 1940 passim
771 1886 822 1922 ut
854 1893 1045 1940 praesens
1078 1893 1240 1922 numen
1273 1886 1503 1924 veneratur
1522 1880 1551 1922 ¹.
1589 1869 1688 1923 Hoc

264 1953 410 2019 ipsum
433 1952 615 2018 insuper
637 1964 759 2018 patet
779 1971 831 2002 ex
851 1971 960 2000 vers.
987 1969 1201 2017 207-210
1221 1972 1232 1999 ε

464 2053 466 2057 “
482 2049 709 2084 Perdiderint
726 2061 836 2094 quum
853 2062 911 2083 me
928 2060 1004 2084 nuo
1021 2049 1167 2084 crimina
1181 2076 1190 2094 ,
1208 2063 1350 2085 carmen
1365 2058 1401 2086 et
1417 2054 1536 2094 error;

527 2110 680 2145 Alterius
695 2109 777 2144 facti
791 2111 892 2154 culpa
908 2112 1043 2152 silenda-
1053 2109 1151 2145 mihi.

482 2171 575 2207 Nam
591 2183 664 2204 non
682 2183 759 2205 sum
777 2170 884 2215 tanti,
898 2178 938 2205 ut
955 2183 1124 2206 renovem
1140 2176 1199 2205 lua
1215 2173 1373 2214 vulnera,
1394 2171 1532 2214 Caesar;

523 2231 646 2276 Quem
662 2231 773 2267 nimio
789 2232 865 2277 plus
879 2239 932 2268 est
948 2232 1133 2267 indoluisse
1149 2231 1278 2277 semel,
1296 2240 1360 2269 etc.

265 2330 360 2378 quae
382 2311 611 2378 perspicue
637 2310 820 2370 docent,
841 2311 889 2359 id
902 2349 914 2370 ‚
947 2311 1068 2378 quod
1098 2312 1286 2360 Ovidius
1316 2311 1483 2360 viderat
1495 2350 1507 2371 ‚
1538 2324 1682 2362 tanto-

262 2408 365 2455 pere
387 2389 641 2451 Augustum
663 2389 942 2455 spectavisse,
966 2401 1017 2437 ut
1032 2389 1155 2438 hicce
1173 2389 1376 2457 princeps
1391 2389 1493 2438 inde
1512 2391 1685 2438 vulnera

264 2468 499 2533 acceperit,
528 2467 691 2534 quibus
725 2468 1001 2517 vehementer
1032 2468 1291 2517 indoluerat.
1331 2467 1504 2517 Clarius
1541 2468 1683 2518 adhuc

309 2586 322 2605 ¹
346 2583 438 2629 Lege
454 2583 508 2618 vel
519 2584 628 2631 ejusd.
644 2583 701 2618 lib.
719 2597 806 2619 vers.
823 2584 886 2632 39,
905 2586 948 2628 4ο
961 2590 997 2619 et
1010 2585 1052 2628 54
1062 2610 1072 2628 ‚
1089 2583 1147 2618 ubi
1163 2583 1206 2618 ad
1223 2584 1420 2630 Augustum
1438 2584 1485 2619 ait
1498 2597 1534 2619 se
1545 2584 1683 2629 jurare:

268 2653 285 2668 «
304 2639 376 2674 Per
392 2647 426 2673 te
444 2647 653 2684 praesentem
669 2640 964 2686 conspicuumque
981 2639 1121 2674 Deum:
1140 2654 1158 2669 »
1174 2647 1275 2685 atque
1287 2654 1375 2675 vers.
1392 2641 1568 2676 213-218:
1585 2640 1633 2675 sic
1647 2647 1682 2674 et

265 2692 323 2727 lib.
341 2692 397 2728 ΠΙ
409 2719 418 2735 ,
442 2692 537 2738 Eleg.
554 2705 568 2726 1
580 2720 588 2736 ‚
610 2707 695 2728 vers.
711 2695 823 2738 35—40
835 2720 844 2738 ,
861 2696 901 2740 78
918 2708 926 2736 ;
945 2694 1040 2739 Eleg.
1055 2705 1085 2728 11
1097 2720 1107 2738 ,
1125 2707 1212 2729 vers.
1229 2694 1291 2737 28;
1311 2693 1407 2740 Eleg.
1421 2706 1458 2739 v,
1468 2707 1555 2730 vers.
1568 2694 1656 2739 7-26
1671 2708 1679 2730 z

264 2747 321 2782 lib.
338 2748 407 2790 IV,
427 2747 524 2793 Elcg.
541 2759 591 2790 1v,
610 2762 697 2783 vers.
718 2762 756 2795 ¹9
772 2757 807 2784 et
828 2762 892 2791 20;
909 2749 966 2784 lib.
987 2750 1032 2783 V.
1050 2749 1147 2794 Eleg.
1165 2760 1215 2794 11,
1233 2763 1319 2785 vers.
1337 2751 1379 2784 35
1392 2777 1401 2794 ,
1419 2756 1482 2785 etc.
