1794 3100
710 223 906 269 VITA.
1464 240 1522 285 79

317 317 510 365 Virgilium
526 316 598 353 vidi
613 323 754 355 tantum
769 329 779 353 ε
793 330 860 353 nec
875 328 978 354 avara
994 316 1135 353 Tibullo

357 378 512 424 Tempus
528 377 689 414 amicitiae
702 378 773 415 fata
789 377 919 413 dedere
935 390 1034 412 meae.

311 437 497 475 Successor
511 438 580 474 fuit
594 438 652 474 hic
666 439 745 484 tibi,
764 438 862 479 Galle
876 452 885 481 ;
901 437 1106 489 Propertius
1121 437 1181 473 illi,

356 498 517 545 Quartus
532 499 574 535 ab
589 498 643 535 his
660 499 749 535 serie
766 498 934 544 temporis
950 499 1021 544 ipse
1038 498 1112 533 fui:

311 559 434 606 thue
453 573 519 606 ego
536 560 707 606 majores,
723 560 772 596 sic
788 572 846 595 me
862 560 1001 595 coluere
1012 560 1175 599 ‚minores
1193 572 1202 594 ε

358 620 520 667 Notaque
536 634 610 656 nou
625 620 723 656 tarde
739 620 830 656 sacta
850 619 996 655 Thaleia
1013 632 1092 655 mea
1108 626 1171 657 est.

93 699 147 745 ln
171 697 369 747 secundo
391 698 445 748 de
466 698 693 749 Tristibus
722 717 768 748 se
797 711 844 748 et
870 698 1139 749 causidicum
1170 698 1306 749 fuisse
1342 700 1520 759 scribit,

93 784 137 821 et
155 773 203 822 in
223 774 406 840 privatis
428 775 572 825 causis
596 776 835 835 arbitrum,
862 775 933 826 his
955 774 1156 825 versibus
1177 795 1189 823 :

310 873 386 908 Nec
400 873 490 909 male
507 874 690 910 commissa
707 881 758 910 est
773 874 874 909 nobis
888 873 1033 909 fortuna
1048 885 1192 908 reorum

351 932 474 979 Usque
490 933 613 969 decem
628 934 741 970 decies
754 934 971 981 inspicienda
983 934 1077 969 viris.

306 993 378 1028 Res
395 1006 535 1039 quoque
551 995 701 1039 privatas
715 995 820 1033 statui
833 996 908 1031 sine
924 995 1072 1031 crimine
1089 993 1196 1040 judex
1214 1006 1222 1028 ε

355 1053 481 1101 Deque
498 1067 578 1089 mea
593 1054 683 1090 fassa
698 1064 750 1090 est
765 1070 844 1102 pars
859 1069 999 1103 quoque
1015 1055 1105 1092 victa
1119 1054 1200 1091 fide.

91 1130 316 1193 Benignus
340 1131 471 1180 etiam
495 1132 604 1181 adeo
627 1132 739 1191 fuit,
764 1144 815 1181 ut
834 1132 985 1181 nullus
1014 1152 1212 1200 unquam
1236 1151 1375 1200 opus,
1400 1131 1522 1199 quod

91 1206 187 1272 ipse
221 1218 557 1273 composuerat,
599 1209 843 1276 carpserit;
880 1209 1002 1275 quod
1033 1209 1096 1257 sic
1130 1209 1226 1275 ipse
1258 1220 1443 1258 testatur
1477 1207 1523 1255 in

37 1268 39 1270 ’
90 1283 224 1332 Trist.
250 1283 329 1334 ub.
355 1284 581 1350 1V‚E1eg.
609 1299 669 1334 x:

309 1379 385 1414 Nec
400 1379 460 1425 qui
477 1379 647 1415 detractat
662 1379 846 1425 praesentia
857 1406 867 1424 ‚
884 1379 972 1414 livor
988 1379 1112 1425 iniquo

352 1439 478 1475 Ullum
495 1440 539 1475 de
554 1441 681 1476 nostris
697 1440 804 1475 dente
820 1440 1016 1476 momordit
1031 1453 1129 1487 opus.

89 1517 193 1565 Fuit
212 1529 256 1566 et
278 1517 481 1567 moribus
505 1519 812 1569 ornatissimus
839 1539 848 1568 :
873 1538 975 1567 nam
1000 1531 1044 1568 et
1066 1519 1216 1567 vinum
1240 1518 1379 1568 multa
1408 1538 1523 1586 aqua

89 1595 279 1647 dilutum
297 1596 507 1671 bibebat,
530 1609 573 1645 et
596 1617 620 1645 a
640 1587 901 1646 'detestando
923 1616 1161 1665 puerorum
1186 1598 1425 1647 concubitu
1445 1599 1521 1647 ab—

87 1673 323 1731 horrebat,
347 1686 527 1742 eratque
550 1695 690 1742 purus
715 1676 859 1727 omnis
883 1675 1071 1725 sceleris.
1112 1676 1185 1725 Sic
1209 1678 1324 1726 enim
1345 1678 1441 1744 ipse
1468 1678 1519 1725 dc

88 1752 234 1802 Punto
250 1791 262 1812 ,
285 1751 362 1814 lib.
388 1755 434 1812 I,
459 1753 582 1817 Eleg.
612 1767 674 1802 x:

309 1849 443 1883 Parvus
458 1849 495 1882 in
510 1848 614 1883 exiles
630 1861 751 1883 succus
768 1847 856 1882 mihi
873 1848 1034 1892 pervenit
1051 1854 1144 1882 artus
1158 1875 1167 1891 ,

352 1910 586 1960 Membraque
603 1917 687 1944 sunt
702 1923 781 1945 cera
798 1909 978 1956 pallidiora
988 1922 1090 1944 nova.

308 1972 391 2008 Non
409 1971 482 2006 haec
495 1970 687 2006 immodico
704 1970 860 2006 contraxi
878 1970 1007 2005 damna
1025 1971 1129 2018 Lyaeo
1145 1983 1153 2004 t

351 2031 425 2067 Scis
440 2030 529 2066 'mihi
543 2059 552 2075 ‚
571 2045 676 2077 quam
692 2032 773 2067 ⁵0!ae
788 2044 886 2076 paene
902 2031 1069 2066 bibantur
1085 2043 1193 2076 aquae.

311 2093 395 2128 Non
409 2093 519 2138 epulis
534 2105 665 2128 oneror
682 2107 690 2128 :
707 2106 856 2139 quarum
875 2093 900 2128 si
922 2099 1044 2138 tangar
1060 2105 1199 2136 amore,

354 2154 419 2190 Est
434 2161 552 2193 tamen
570 2155 606 2190 in
623 2155 755 2198 Geticis
769 2155 869 2200 copia
883 2154 978 2190 nulla
994 2155 1087 2192 locis.

309 2216 385 2251 Nec
401 2216 492 2251 vires
508 2216 631 2252 adimit
648 2216 799 2252 Veneris
814 2216 981 2251 damnosa
998 2216 1175 2264 voluptas:

352 2277 432 2313 Non
450 2276 538 2312 solet
551 2277 588 2311 in
606 2284 745 2313 moestos
761 2277 816 2312 illa
833 2277 954 2321 venire
972 2285 1076 2312 toros.

90 2359 200 2406 Item
223 2357 270 2405 in
294 2357 489 2406 secundo
514 2357 566 2404 de
586 2357 694 2404 Arte
715 2357 888 2404 amandi
912 2356 972 2404 ait
992 2376 1002 2403 ι

311 2448 384 2484 Odi
401 2447 606 2484 concubitus
617 2474 626 2490 ,
648 2447 707 2493 qui
724 2460 797 2482 non
815 2448 994 2492 utrimque
1012 2448 1210 2483 resolvunt:

352 2510 430 2545 Hoc
445 2516 498 2545 est
511 2536 521 2555 ‚
538 2522 601 2544 cur
615 2508 714 2554 pueri
730 2515 855 2553 tangor
870 2521 990 2543 amore
1007 2509 1133 2542 minus.

88 2572 142 2637 Iu
164 2587 355 2639 secundo
377 2600 523 2637 autem
549 2587 601 2635 de
624 2588 797 2655 Ponto,
821 2586 947 2650 Eleg.
974 2600 1070 2644 VII,
1095 2587 1156 2634 sic
1179 2585 1333 2635 scribit
1356 2607 1364 2633 :
1396 2653 1401 2657 ¹

306 2682 392 2717 Vita
407 2683 505 2728 prior
518 2683 602 2717 vitio
618 2689 712 2717 caret
725 2709 734 2725 ‚
753 2688 787 2716 et
804 2682 878 2716 §Ine
896 2681 969 2716 labe
987 2680 1124 2727 peracta
1140 2688 1190 2716 est
1204 2693 1214 2714 r

360 2745 486 2780 Auxilii
501 2745 631 2780 misero
647 2743 697 2779 nil
712 2745 792 2780 tulit
808 2744 865 2779 illa
878 2744 975 2780 mihi.
