1794 3100
236 204 356 272 '386
601 229 908 277 NOTITIA
947 232 1339 282 LITERARIA

317 322 531 366 Heroidum
554 322 652 362 libri.
676 324 908 372 Mediolani,
932 339 1002 378 per
1018 325 1226 372 Antonium
1254 330 1448 370 Zaratum.
1468 332 1605 377 in-fol.
1626 357 1681 367 —

263 388 346 428 Sax.
370 403 452 444 pag.
485 387 585 435 562;
603 390 743 428 Panzer
761 420 772 439 ‚
806 397 900 429 tom.
924 392 963 429 ΙΙ
980 419 991 439 .,
1013 406 1097 446 pag.
1126 391 1186 432 16.

317 457 475 496 Domitii
494 456 687 495 calderim·
705 456 978 497 Commentarii
1000 458 1041 498 in
1062 460 1270 501 Martialem
1289 491 1300 511 ‚
1332 478 1418 503 cum
1446 465 1679 508 Defensione

261 532 300 564 et
320 524 603 564 Commentario
625 523 665 562 in
684 522 769 562 Ibin
785 524 914 566 Ovidii
932 553 943 574 ‚
964 525 1099 567 edente
1125 527 1216 568 Joh.
1241 529 1492 584 Calphurnio.
1516 535 1563 573 ln
1574 534 1674 578 fine:

268 607 288 626 «ι
308 589 482 640 Impressi
502 596 590 628 sunt
608 588 777 628 Venetiis
794 597 873 629 arte
897 598 935 629 et
961 590 1116 646 ingenio
1148 593 1424 649 diligentissimi
1442 597 1678 652 impressoria

260 653 394 694 Jacobi
418 654 463 692 de
483 653 626 693 Rubeis
643 653 795 693 natione
819 654 973 705 Gallici,
987 670 1088 697 anno
1112 658 1240 699 salutis
1256 659 1312 698 Μ.
1333 659 1492 702 CCCC.
1507 663 1677 703 LXXIV

261 718 389 759 Idibus
419 717 662 769 Septembris.
692 718 854 759 Nicolao
876 718 1055 760 Marcello
1074 750 1085 771 ‚
1111 722 1205 763 duce
1222 723 1483 765 Venetiarum.
1500 744 1520 763 υ
1543 727 1676 768 in-fol.

258 808 311 816 —
326 786 486 832 Panzer,
504 792 597 823 tom.
617 784 678 822 III
694 812 706 831 ‚
736 798 819 839 pag.
844 783 932 823 105.

904 873 1019 926 1475.

310 960 634 1011 Metamorphoses
654 987 666 1007 ‚
696 974 782 999 cum
814 960 987 1010 Epistola
1020 963 1124 1002 Boni
1154 963 1331 1004 Accursii
1362 966 1409 1005 ad
1436 967 1675 1022 magnifieum

256 1029 418 1083 equitem
443 1027 627 1067 Cicchum
648 1025 903 1075 Simonetam‚
941 1035 980 1067 et
1008 1027 1083 1069 vita
1116 1029 1251 1072 Ovidii
1276 1045 1297 1070 a
1319 1032 1555 1074 Bonacursio
1585 1033 1675 1074 col-

254 1098 358 1136 hem·
383 1099 431 1135 ¹¹¹
452 1095 554 1134 ‘³¹¹³‘
588 1112 606 1128 ⁴‘
630 1093 837 1133 M⁶d³⁰¹³¹¹³
864 1093 1088 1145 impressum
1114 1111 1181 1148 Per
1208 1098 1429 1153 magistrum
1456 1099 1673 1156 Philippum

254 1163 299 1202 de
316 1160 500 1216 Lavagnia
522 1158 864 1208 Mediolanensem,
888 1158 1005 1215 1475,
1025 1160 1084 1200 die
1100 1156 1260 1201 5Junii.
1281 1181 1301 1198 »ι
1319 1163 1671 1215 in—fol.—Pa‘112e1·‚

252 1238 347 1269 tom.
372 1230 437 1277 ΙΙ,
461 1241 546 1281 pag.
574 1240 622 1281 ¹9
644 1240 723 1279 seq.

904 1307 1018 1363 1476.

306 1397 631 1447 Metamorphoses
644 1424 657 1445 ,
679 1394 815 1435 in-fol.
835 1396 1030 1437 Praemissa
1052 1406 1110 1437 est
1123 1398 1294 1449 Epistola
1321 1401 1368 1440 ad
1395 1402 1527 1442 Franc.
1550 1403 1669 1444 Gon-

254 1478 376 1517 zagam
388 1491 399 1511 ‚
417 1476 506 1507 cum*
520 1469 644 1512 poetae
664 1461 739 1500 vita
756 1475 766 1507 3
790 1459 831 1498 in
854 1462 958 1515 cujus
973 1461 1047 1500 fine
1062 1475 1071 1499 :
1089 1462 1463 1506 MCCCCLXXVI.
1481 1469 1528 1508 In
1545 1468 1669 1519 operis

249 1530 350 1569 'calce
372 1529 551 1582 leguntur
574 1526 614 1565 hi
633 1539 762 1568 versus
782 1541 790 1564 :

467 1630 612 1667 Finibus
630 1629 798 1667 Ausoniae
810 1636 927 1664 motus
942 1629 1004 1675 qui
1023 1629 1168 1667 Caesaris
1184 1631 1241 1667 ira
1251 1640 1304 1667 est

509 1694 715 1735 Angustiae,
739 1697 799 1729 tua
815 1703 911 1728 nunc
926 1697 1110 1727 revocatur
1124 1704 1190 1737 ope
1204 1705 1214 1727 :

468 1752 545 1787 Hac
559 1750 667 1785 modo
688 1750 717 1785 si
732 1750 882 1786 aetherea
898 1750 1075 1789 frueretur
1092 1751 1243 1790 Ovidius
1259 1766 1342 1790 aura

509 1812 590 1846 Non
608 1819 666 1846 tua
682 1810 804 1845 letheis
822 1810 921 1847 fama¹
931 1811 1061 1856 periret
1076 1814 1175 1857 aquis
1190 1825 1199 1847 ι
1298 1807 1302 1812 ’

458 1871 635 1907 Carmine
653 1870 813 1916 inaequali
829 1870 921 1905 haud
941 1878 1078 1906 tanturn
1094 1878 1230 1907 cantata
1249 1870 1407 1908 Corinna

505 1934 558 1968 Te
573 1940 715 1968 caneret
732 1939 903 1977 quantum
925 1932 1018 1967 Naso
1033 1939 1137 1977 poeta
1149 1932 1281 1970 libens:

385 2023 388 2026 .
461 1995 559 2029 Dum
576 1995 665 2039 regit
681 1993 820 2028 Alcides
835 1992 980 2038 populos
997 1993 1032 2026 in
1050 2004 1132 2037 pace
1150 1991 1285 2028 feroces

503 2056 718 2101 lmpressum
736 2054 802 2089 hoc
817 2052 938 2087 formis
955 2059 1007 2087 est
1022 2051 1091 2092 cjto
1107 2053 1220 2099 majus
1235 2066 1331 2101 opus.

244 2155 351 2206 Ergo
369 2151 548 2191 Ferrariae
570 2163 637 2200 per
654 2148 913 2203 Augustinum
937 2147 1163 2187 Car-nerium
1179 2177 1190 2196 ‚
1211 2147 1324 2188 Char.
1347 2163 1447 2190 rom.
1467 2150 1548 2190 sine
1563 2150 1660 2206 sign.

241 2229 279 2258 et
300 2233 383 2272 pag.
396 2217 534 2271 absque
553 2216 632 2256 loci
647 2224 685 2256 et
697 2223 847 2271 typogr.
862 2214 1070 2255 mentione.
1082 2235 1136 2245 —
1146 2213 1303 2264 Panzer.
1318 2223 1412 2255 tom.
1428 2217 1500 2266 lv,
1515 2232 1553 2268 p.
1568 2216 1659 2272 294.

901 2303 974 2357 147
981 2317 1018 2357 7.

291 2393 513 2433 Parmensis
527 2421 540 2440 ,
575 2392 761 2442 Operum.
785 2389 921 2429 in-fol.
944 2389 1036 2429 min.
1070 2392 1118 2429 In
1140 2390 1214 2429 fine
1239 2389 1423 2429 librorum
1445 2389 1658 2430 Metamor-

235 2459 411 2511 phoseon
432 2465 521 2509 post
546 2457 714 2496 Iudicem
734 2470 877 2502 eorum,
902 2469 986 2508 quw
1007 2456 1191 2507 impressa
1213 2461 1301 2493 sunt
1323 2455 1362 2492 ιή
1384 2454 1432 2492 iis
1453 2455 1658 2493 volumini-

235 2527 302 2564 bus
330 2525 475 2571 Ovidii,
502 2523 641 2576 legitur
665 2538 674 2561 :
705 2541 723 2556 «
750 2525 979 2572 lmpressum
1006 2521 1152 2560 Parmae
1182 2520 1359 2561 ductuet
1383 2519 1561 2571 impensis
1582 2519 1654 2558 mei

234 2590 415 2641 Stephani
443 2589 585 2630 Coralli
614 2589 903 2643 Lugdunensis,
932 2589 987 2626 M.
1019 2586 1177 2626 CCCC.
1212 2587 1428 2635 LXXVII,
1452 2586 1511 2624 die
1529 2585 1652 2636 primo

230 2655 337 2694 Julii.
358 2673 378 2690 υ
404 2678 456 2685 -
473 2655 594 2694 Maitt.
611 2654 697 2693 Ind.
715 2654 754 2691 II
770 2681 781 2700 ‚
798 2668 839 2703 p,
862 2666 936 2707 109
953 2666 963 2698 3
985 2650 1178 2702 Lengniclz
1193 2665 1284 2688 neue
1304 2649 1348 2688 N
1348 2650 1452 2689 achr.
1467 2659 1558 2689 tom.
1581 2650 1619 2686 ΙΙ
1635 2677 1648 2697 ‚

231 2737 316 2776 pag.
341 2720 412 2777 73,
433 2722 496 2761 ubi
519 2720 671 2760 uberior
693 2718 855 2765 notitia;
878 2719 1041 2768 Panzer,
1061 2725 1157 2758 tom.
1179 2717 1245 2766 Il,
1260 2730 1344 2768 pag.
1368 2714 1442 2756 351
1467 2728 1544 2767 seq.
