1794 3100
466 218 554 263 DE
585 220 640 262 P.
675 217 933 263 OVIDIO
964 216 1259 261 NASONE.
1488 219 1572 279 373

154 309 391 367 mendosa,
414 312 534 358 unde
554 321 703 356 tamen
723 310 851 355 utilia
872 310 1047 355 odorari
1067 319 1343 370 poteramus,
1370 326 1580 371 suppres-

155 372 320 433 serant.
340 404 362 429 »
385 387 648 448 Fragmenta
681 384 881 446 quaedam
911 385 1182 444 grammatici
1211 384 1371 428 veteris
1401 385 1447 427 m
1473 385 1575 428 Ibin

155 456 450 520 prodierunt,
473 460 613 503 Paris.
641 460 768 512 1581,
795 459 914 518 typis
934 458 1137 516 Dlonysu
1157 459 1403 512 Pratens1s
1414 457 1522 501 sed
1510 475 1581 502 m-

155 530 347 590 tegriora
375 531 540 576 scholia
575 530 649 575 illa
678 548 729 575 ex
763 530 935 574 duobus
972 530 1090 576 MSS
1126 530 1355 574 codicibus
1383 529 1585 590 vulgavit

158 601 360 646 Boessius
374 636 386 657 ,
415 612 467 647 ut
488 612 590 648 ante
612 603 798 648 dictum.

216 693 276 736 X.
304 693 587 738 Halieuticon
599 727 612 748 ‚
638 695 730 737 sive
754 694 811 738 de.
826 693 1013 754 piscibus
1034 694 1151 738 liber
1171 693 1421 754 acephalos,
1443 695 1580 738 versi-

155 764 237 809 bus
259 765 537 811 hexametris.
558 769 704 824 Hujus
719 769 931 828 poematis
950 769 1117 811 mentio
1137 766 1257 828 apud
1277 767 1392 811 Plin.
1415 769 1574 821 XXX,

163 851 178 878 1
194 852 232 880 1.
260 854 282 880 α
301 838 383 882 His
405 838 660 894 adjiciemus
680 838 735 882 ab
760 837 926 883 Ovidio
949 840 1093 899 posita
1113 839 1293 882 nomina
1307 871 1320 892 ,
1346 854 1440 898 quae
1462 837 1582 899 apud

153 911 379 965 neminem
401 911 535 955 alium
554 913 864 972 reperiuntur,
901 909 980 955 sed
1007 910 1199 954 fortassis
1228 911 1276 953 in
1302 911 1444 953 Ponto
1473 926 1575 954 nas-

156 992 339 1040 cuntur,
365 984 445 1028 ubi
463 984 511 1028 id
533 985 741 1029 volumen
761 985 976 1045 supremis
994 985 1082 1028 suis
1102 984 1378 1045 temporibus
1400 984 1581 1028 inchoa·-

157 1058 237 1101 vit.
264 1075 286 1100 ι)
321 1057 450 1102 Idem
468 1050 576 1121 cap.
601 1076 626 1102 2
651 1078 661 1104 :
690 1077 711 1101 «
731 1059 850 1105 Mjhi
872 1057 1081 1102 videntur
1100 1060 1238 1113 mira,
1271 1074 1367 1119 quae
1395 1057 1583 1103 Ovidius

156 1129 308 1191 prodit
327 1133 515 1193 piscium
540 1133 717 1193 ingenia
740 1133 787 1175 in
808 1147 859 1176 eo
879 1131 1103 1176 volumine
1117 1164 1130 1186 ,
1156 1131 1279 1192 quod
1299 1131 1583 1176 Halieuticon

157 1204 480 1250 inscribitur.»
508 1204 753 1253 Illustravit
772 1205 858 1250 hoc
879 1203 1173 1264 fragmentum
1194 1203 1408 1248 Hercules
1435 1202 1584 1249 Ciosa-

156 1293 262 1333 nuS,
286 1295 388 1323 ann.
417 1281 545 1324 1580.
565 1279 656 1324 vid.
680 1288 724 1323 et
742 1279 921 1325 Swartii
939 1278 1153 1322 Analecta
1171 1279 1218 1333 Ι,
1243 1279 1286 1321 5.
1307 1279 1457 1322 Exstat
1477 1294 1584 1339 quo-

157 1365 245 1411 que
262 1350 309 1394 in
328 1333 543 1412 poematis
561 1352 755 1413 antiquis
773 1352 825 1393 P.
848 1349 1028 1395 Pithoei.
1049 1349 1168 1393 Vide
1191 1357 1236 1392 et
1253 1350 1400 1393 Vossii
1416 1350 1500 1399 IV,
1525 1349 1576 1404 6,

158 1429 203 1464 et
227 1421 300 1478 14,
323 1425 467 1484 operis
486 1422 686 1484 praeclari
708 1421 764 1466 de
782 1421 1061 1476 Idololatria,
1085 1422 1165 1466 ubi
1186 1422 1293 1466 locis
1314 1421 1580 1483 quibusdam

155 1492 440 1539 Halieuticon
456 1495 603 1540 lucem
624 1494 771 1539 affert.
797 1495 988 1557 Fallitur
1008 1495 1216 1540 Barthius
1229 1527 1242 1549 ‚
1270 1495 1346 1556 qui
1366 1494 1581 1556 Olympio

91 1628 97 1631 .
153 1565 414 1610 Nemesiano
430 1567 515 1611 hoc
535 1584 692 1628 poema
711 1567 942 1628 adscripsit
961 1569 1134 1622 XLIX,
1163 1585 1209 1630 7,
1235 1567 1473 1611 Adversar.
1498 1584 1581 1610 nec

154 1639 300 1683 minus
332 1639 501 1684 Ulitius
518 1675 530 1694 ‚
574 1643 652 1701 qui
689 1642 860 1686 Gratio.
900 1643 1087 1685 Initium
1124 1658 1229 1686 vero
1266 1641 1547 1686 Halieuticon
1560 1676 1573 1696 ,

154 1712 278 1773 quod
299 1731 323 1757 a
345 1713 542 1758 Sertorio
565 1713 887 1771 Quadrimano‚
913 1723 1124 1775 tanquam
1146 1733 1170 1760 e
1188 1717 1482 1760 vetustissimo
1505 1733 1578 1760 co-

153 1783 251 1829 dice
269 1784 562 1848 descriptum,
588 1788 756 1847 accepit
779 1788 966 1831 Hieron.
990 1788 1225 1842 Columna,
1247 1796 1291 1831 et
1313 1790 1358 1831 in
1380 1787 1580 1833 doctissi-

153 1858 236 1901 mis
257 1860 582 1914 commentariis
600 1858 656 1902 ad
671 1860 808 1903 Ennii
830 1858 1097 1919 fragmenta,
1120 1876 1219 1921 pag.
1244 1866 1345 1922 247.
1366 1877 1458 1922 seq.
1482 1861 1580 1906 edi-

155 1925 247 1982 dit,
270 1945 418 1986 merus
439 1939 502 1974 est
521 1930 660 1974 fucus.

213 2020 298 2064 XI.
323 2022 397 2065 De
417 2020 710 2066 Medicamine
716 2024 860 2082 faciei
884 2022 1180 2084 fragmentum
1209 2024 1398 2084 elegiaco
1422 2026 1579 2069 carmi-

155 2094 222 2136 nis
243 2109 430 2154 genere,
459 2095 578 2156 quod
598 2096 708 2139 citra
734 2111 933 2151 causam,
959 2096 1143 2140 Nasonis
1170 2113 1261 2142 non
1280 2114 1370 2141 esse
1397 2097 1577 2141 videtur

157 2164 296 2210 doctis
315 2166 581 2228 quibusdam
597 2170 718 2212 viris.
742 2170 965 2213 Memorat
984 2168 1172 2214 Ovidius
1190 2172 1284 2230 ipse
1299 2171 1422 2215 Artis
1442 2172 1576 2215 Ama-

153 2241 277 2285 toriae
290 2273 305 2295 ,
328 2242 419 2294 ΙΙΙ,
444 2242 528 2284 205
553 2259 563 2284 ;

370 2369 434 2405 Est
449 2369 535 2404 mihi
551 2397 560 2414 ,
581 2383 651 2416 quo
668 2370 737 2406 dixi
753 2377 874 2409 vestrae
891 2372 1125 2408 medicamina
1141 2373 1263 2410 formae
1281 2400 1290 2417 ‚

413 2432 565 2476 Parvus,
586 2431 647 2467 sed
663 2445 745 2467 eura
762 2432 892 2479 grande
908 2432 1042 2469 libellus
1056 2447 1152 2480 opus.
1188 2430 1191 2433 ”

211 2551 318 2595 XII.
346 2551 456 2595 Nux
479 2551 630 2612 Elegia
651 2560 803 2595 utrum
820 2553 971 2597 Ovidii
989 2556 1046 2597 sit
1063 2570 1202 2598 necne
1216 2587 1229 2607 ,
1252 2538 1458 2599 dubitant
1477 2559 1577 2616 qui-

153 2622 253 2669 dam
275 2623 564 2670 eruditorum.
589 2626 688 2669 Non
720 2633 866 2668 tamen
900 2634 989 2680 est,
1026 2630 1149 2682 cujus
1182 2627 1575 2674 Ovidiummerito

154 2695 501 2758 puderepossit2.
528 2698 624 2743 Hoc
656 2713 813 2757 poema
849 2708 948 2757 post
971 2700 1253 2744 Dominicum
1284 2702 1476 2746 Marium
1498 2703 1577 2746 Ni-
