1794 3100
252 222 337 263 288
678 217 1228 262 DEDICATIONES

255 311 401 374 magni
419 311 506 359 oris
518 329 566 359 ac
585 310 785 376 spiritus,
806 322 857 359 ut
873 307 1085 375 ejusmodi
1103 329 1271 359 carmen
1288 309 1515 369 funderet,
1533 311 1667 360 homo

257 388 481 455 pertenuis
503 387 687 449 ingenii,
719 405 797 435 nec
820 387 998 450 ingenui
1022 388 1224 455 pudoris,
1248 400 1298 436 ut
1317 401 1463 454 aperte
1486 400 1673 440 testatur,

259 465 468 513 Horatius
482 465 528 512 in
547 463 733 529 quadam
745 464 801 511 ad
817 466 846 512 J
848 464 986 513 ulium
1001 464 1182 514 Florum
1199 466 1342 532 Epist.
1363 467 1399 524 I,
1417 478 1486 524 111,
1502 485 1563 515 vs.
1586 466 1667 514 15:

470 568 570 614 Quid
585 568 671 603 mihi
691 568 813 604 Celsus
831 568 899 615 agit
913 569 929 604 ?
950 569 1106 603 monitus
1123 595 1132 610 ,
1150 569 1371 615 multumque
1387 569 1586 605 monendus

466 626 622 661 Privatas
637 633 677 661 ut
693 632 825 671 quaerat
840 639 921 671 opes
938 633 973 662 et
990 632 1132 671 tangere
1147 626 1232 665 vitet

465 678 599 725 Scripta
611 706 621 723 ,
641 679 820 714 Palatinus
838 692 1066 725 quaecumque
1085 679 1215 725 recepit
1232 679 1359 725 Apollo
1376 693 1383 714 :

465 735 520 770 Ne
537 735 565 770 si
579 735 667 770 forte
685 748 761 770 suas
782 736 969 780 repetitum
987 735 1123 770 venerit
1140 735 1222 769 olim

469 789 564 825 Grex
580 791 694 825 avium
712 791 864 836 plumas,
882 798 1021 826 moveat
1037 791 1211 826 cornicula
1229 791 1338 826 risum

469 844 621 880 Furtivis
637 845 767 880 nudata
785 846 966 880 coloribus.

254 935 510 992 Postremo,
536 952 592 982 ne
618 935 822 1000 cuiquam
843 934 1031 1001 amplius
1052 934 1210 982 illudat
1225 935 1317 983 haec
1336 935 1545 1001 AEsopica
1573 953 1669 984 cor-

254 1012 399 1060 nicula
409 1049 421 1071 ‚
441 1031 548 1060 neve
559 1050 570 1070 ‚
590 1024 641 1061 ut
659 1013 881 1060 Cumanus
896 1011 1056 1060 asellus
1069 1011 1211 1060 leonis
1225 1023 1344 1075 gerat
1357 1011 1530 1060 exuvias
1543 1049 1555 1071 ‚
1571 1010 1675 1078 plus

255 1089 575 1155 quinquaginta
603 1088 804 1137 locorum
824 1089 1150 1155 comparatione
1169 1089 1229 1137 ita
1253 1088 1552 1155 comprobabo
1582 1107 1674 1138 esse

256 1164 428 1222 Ovidii,
439 1175 515 1222 ut,
533 1165 654 1230 quod
666 1165 727 1213 ait
744 1163 885 1213 malus
895 1164 1058 1213 arbiter
1069 1163 1349 1223 comicorum,
1366 1163 1402 1212 si
1415 1165 1514 1230 quis
1523 1176 1676 1213 contra

256 1242 427 1300 sentiat,
442 1242 555 1289 nihil
575 1242 745 1290 sentiat.
767 1243 918 1290 Unum
936 1242 1021 1290 hoc
1038 1242 1247 1296 duntaxat
1269 1254 1481 1308 superest,
1497 1254 1548 1298 ut
1566 1243 1674 1291 Ovi-

258 1320 593 1369 diani-carminis
607 1331 909 1382 argumentum
923 1319 1074 1385 paucis
1088 1318 1282 1385 eloquar.
1298 1320 1502 1382 Augusto
1515 1319 1674 1367 Caesari

258 1396 365 1444 duas
377 1395 511 1444 fuisse
526 1414 688 1444 uxores
697 1395 955 1461 accepimus,
972 1393 1244 1442 Scriboniam
1255 1394 1490 1452 etLiviam3
1506 1413 1676 1460 sponsae

257 1474 373 1522 enim
389 1473 586 1522 Serviliae
599 1511 611 1532 ‚
628 1474 809 1521 Isaurici
830 1472 944 1531 filiae,
961 1472 1210 1520 conditione
1226 1473 1292 1520 uti
1308 1472 1469 1537 noluit,
1489 1484 1532 1520 et
1547 1472 1675 1521 Clau-

258 1549 374 1596 diam
395 1548 557 1596 Fulviae
580 1547 791 1611 virginem
813 1548 1107 1613 intactamque
1128 1547 1306 1596 dimisit.
1325 1547 1563 1597 Scriboniae
1584 1567 1677 1597 mo-

257 1646 326 1675 res
342 1664 352 1683 ,
379 1645 431 1674 cx
456 1645 541 1692 qua
565 1625 700 1673 filiam
723 1625 915 1691 suscepit
941 1623 1104 1672 Juliam
1122 1662 1137 1681 ‚.
1167 1624 1276 1686 legis
1306 1624 1436 1672 Juliae
1463 1624 1647 1674 dedecus
1665 1663 1676 1683 ‚

257 1704 369 1752 ferre
389 1722 480 1751 non
503 1702 665 1760 valuit,
693 1720 874 1768 eamque
899 1702 984 1750 sibi
1014 1719 1082 1750 res
1111 1720 1212 1750 suas
1233 1701 1394 1750 habere
1417 1702 1559 1767 jussit.
1595 1703 1678 1751 Li-

262 1782 374 1830 viam
387 1819 399 1840 ‚
431 1793 725 1844 cognomento
748 1780 988 1829 Drusillam
1003 1817 1015 1837 ‚
1035 1792 1189 1846 captus
1210 1780 1371 1842 insigni
1392 1780 1532 1828 forma
1546 1817 1558 1839 ,
1585 1800 1675 1829 ma-

260 1861 466 1909 trimonio
487 1858 660 1908 Claudii
678 1859 846 1907 Tiberii
868 1858 1077 1914 Neronis,
1099 1857 1168 1904 cui
1190 1857 1277 1921 jam
1293 1856 1432 1904 filium
1447 1857 1676 1906 Tiberium

261 1948 492 2000 genuerat,
512 1947 554 1983 et
572 1955 622 1983 ex
637 1936 771 1983 altero
793 1935 1032 1998 gravidam⁷
1055 1934 1230 1981 domum
1245 1933 1449 1991 abduxit3
1467 1934 1547 1981 ubi
1562 1933 1677 1982 intra

259 2031 453 2062 mensem
478 2013 654 2060 tertium
676 2013 794 2060 hunc
821 2013 1015 2059 Drusum
1037 2010 1208 2076 peperit
1223 2048 1235 2067 ,
1260 2011 1382 2075 cujus
1401 2023 1585 2059 mortem
1602 2011 1677 2060 de-

263 2092 338 2140 flet
363 2090 576 2147 Ovidius;
601 2089 706 2136 olim
728 2090 983 2146 Decimum,
1010 2108 1112 2136 mox
1133 2090 1352 2136 Neronem
1372 2088 1640 2154 praenomine
1659 2127 1672 2148 ,

268 2185 398 2234 quem
412 2177 532 2214 tanta
548 2165 740 2231 suspicio
753 2165 838 2212 fuit
850 2184 901 2213 ex
912 2165 1067 2212 vitrico
1081 2184 1159 2231 per
1177 2164 1380 2213 adulterii
1397 2167 1676 2215 consuetudi-

263 2264 362 2294 nem
374 2254 665 2310 procreatum‚
679 2253 729 2290 ut
748 2260 913 2304 graecus
927 2241 1166 2289 senariolus
1181 2241 1313 2304 vulgo
1326 2242 1582 2306 jactaretur:
1598 2244 1677 2296 τοῖς

262 2321 460 2378 εότυχοῧσι
477 2318 546 2367 καὶ
565 2321 723 2383 τρίμεναι
748 2320 912 2367 vastia.
933 2320 1000 2366 Ex
1011 2318 1132 2367 Livia
1146 2317 1257 2366 nihil
1272 2319 1500 2380 Augustus
1514 2317 1677 2366 libero-

263 2418 362 2447 rum
396 2397 500 2446 tulit
527 2418 536 2445 :
561 2396 849 2445 nihilominus
873 2397 919 2443 in
941 2395 1129 2444 liberum
1151 2394 1248 2442 loco
1272 2414 1320 2442 ac
1343 2413 1523 2442 numero
1540 2395 1678 2461 privi-

268 2494 379 2538 gnos
391 2474 547 2522 habuit
557 2474 784 2521 Tiberium
800 2485 931 2539 atque
944 2474 1137 2520 Drusum
1154 2490 1163 2529 ;
1182 2489 1339 2536 eosque
1356 2471 1411 2518 ad
1427 2470 1677 2537 reipublicae

268 2570 413 2599 curam
433 2551 646 2607 admovit,
672 2562 714 2597 et
737 2550 867 2614 jussit
883 2549 1052 2615 imperii
1070 2560 1234 2615 partem
1252 2567 1484 2614 capessere.
1518 2549 1583 2594 De
1602 2547 1677 2594 Ti-

269 2630 392 2678 berio
407 2628 518 2676 nihil
529 2628 601 2675 hic
615 2646 788 2676 necesse
803 2639 868 2675 est
886 2626 1013 2693 plura
1031 2626 1170 2674 dicere
1191 2645 1200 2673 :
1220 2625 1352 2674 frater
1367 2625 1460 2689 ejus
1479 2626 1650 2672 Drusus
1663 2662 1675 2682 ,

271 2706 314 2754 in
333 2704 522 2767 Augusti
536 2704 716 2766 gratiam
731 2723 753 2751 a
768 2715 919 2751 senatu
934 2702 1106 2764 legibus
1121 2698 1312 2760 solutus,
1328 2713 1424 2750 ante
1443 2700 1683 2763 legitimam.
