<?xml version="1.0" encoding="UTF-8"?>
<!DOCTYPE html PUBLIC "-//W3C//DTD XHTML 1.0 Transitional//EN"
    "http://www.w3.org/TR/xhtml1/DTD/xhtml1-transitional.dtd">
<html xmlns="http://www.w3.org/1999/xhtml" xml:lang="en" lang="en">
 <head>
  <title>
</title>
<meta http-equiv="Content-Type" content="text/html;charset=utf-8" />
  <meta name='ocr-system' content='tesseract 3.04.00' />
  <meta name='ocr-capabilities' content='ocr_page ocr_carea ocr_par ocr_line ocrx_word'/>
</head>
<body>
  <div class='ocr_page' id='page_1' title='image "./quaeextantomniao08oviduoft_0201.png"; bbox 0 0 1794 3100; ppageno 0'>
   <div class='ocr_carea' id='block_1_1' title="bbox 559 230 1557 298">
    <p class='ocr_par' dir='ltr' id='par_1_1' title="bbox 559 230 1557 298">
     <span class='ocr_line' id='line_1_1' title="bbox 559 230 1557 298; baseline 0.006 -24"><span class='ocrx_word' id='word_1_1' title='bbox 559 230 691 275; x_wconf 86' lang='lat' dir='ltr'><strong>PER</strong></span> <span class='ocrx_word' id='word_1_2' title='bbox 724 231 768 274; x_wconf 84' lang='lat' dir='ltr'><strong>J.</strong></span> <span class='ocrx_word' id='word_1_3' title='bbox 805 231 1107 276; x_wconf 79' lang='lat' dir='ltr'><strong>MASSON.</strong></span> <span class='ocrx_word' id='word_1_4' title='bbox 1482 253 1557 298; x_wconf 84' lang='lat'><strong>191</strong></span> 
     </span>
    </p>
   </div>
   <div class='ocr_carea' id='block_1_2' title="bbox 119 323 1559 472">
    <p class='ocr_par' dir='ltr' id='par_1_2' title="bbox 119 323 1559 472">
     <span class='ocr_line' id='line_1_2' title="bbox 119 323 1559 396; baseline 0.003 -20"><span class='ocrx_word' id='word_1_5' title='bbox 119 345 211 376; x_wconf 85' lang='lat' dir='ltr'><strong>rem</strong></span> <span class='ocrx_word' id='word_1_6' title='bbox 227 325 411 393; x_wconf 85' lang='lat' dir='ltr'><strong>exponit</strong></span> <span class='ocrx_word' id='word_1_7' title='bbox 426 343 534 374; x_wconf 88' lang='lat' dir='ltr'><strong>vers.</strong></span> <span class='ocrx_word' id='word_1_8' title='bbox 560 323 671 387; x_wconf 70' lang='lat'>134,</span> <span class='ocrx_word' id='word_1_9' title='bbox 690 345 828 393; x_wconf 90' lang='lat' dir='ltr'><strong>quum</strong></span> <span class='ocrx_word' id='word_1_10' title='bbox 843 326 906 375; x_wconf 87' lang='lat' dir='ltr'><strong>ait</strong></span> <span class='ocrx_word' id='word_1_11' title='bbox 919 364 932 382; x_wconf 87' lang='lat'>‚</span> <span class='ocrx_word' id='word_1_12' title='bbox 956 327 1213 390; x_wconf 86' lang='lat' dir='ltr'><strong>Augustum</strong></span> <span class='ocrx_word' id='word_1_13' title='bbox 1231 348 1363 396; x_wconf 86' lang='lat' dir='ltr'><strong>poena</strong></span> <span class='ocrx_word' id='word_1_14' title='bbox 1381 331 1428 379; x_wconf 91' lang='lat' dir='ltr'><strong>in</strong></span> <span class='ocrx_word' id='word_1_15' title='bbox 1449 332 1559 382; x_wconf 79' lang='lat' dir='ltr'>Ovi-</span> 
     </span>
     <span class='ocr_line' id='line_1_3' title="bbox 120 403 1271 472; baseline 0.003 -20"><span class='ocrx_word' id='word_1_16' title='bbox 120 404 243 453; x_wconf 85' lang='lat' dir='ltr'><strong>dium</strong></span> <span class='ocrx_word' id='word_1_17' title='bbox 266 403 458 468; x_wconf 82' lang='lat' dir='ltr'><strong>irrogata</strong></span> <span class='ocrx_word' id='word_1_18' title='bbox 479 404 684 472; x_wconf 88' lang='lat' dir='ltr'><strong>proprias</strong></span> <span class='ocrx_word' id='word_1_19' title='bbox 711 404 908 454; x_wconf 85' lang='lat' dir='ltr'><strong>offensas</strong></span> <span class='ocrx_word' id='word_1_20' title='bbox 934 405 1071 454; x_wconf 88' lang='lat' dir='ltr'><strong>fuisse</strong></span> <span class='ocrx_word' id='word_1_21' title='bbox 1095 406 1240 456; x_wconf 91' lang='lat' dir='ltr'><strong>ultum</strong></span> <span class='ocrx_word' id='word_1_22' title='bbox 1261 427 1271 455; x_wconf 90' lang='lat'>:</span> 
     </span>
    </p>
   </div>
   <div class='ocr_carea' id='block_1_3' title="bbox 341 514 1124 563">
    <p class='ocr_par' dir='ltr' id='par_1_3' title="bbox 341 514 1124 563">
     <span class='ocr_line' id='line_1_4' title="bbox 341 514 1124 563; baseline 0.004 -13"><span class='ocrx_word' id='word_1_23' title='bbox 341 514 449 551; x_wconf 81' lang='lat' dir='ltr'><strong>Ultus</strong></span> <span class='ocrx_word' id='word_1_24' title='bbox 463 527 499 550; x_wconf 86' lang='lat' dir='ltr'><strong>es</strong></span> <span class='ocrx_word' id='word_1_25' title='bbox 519 514 695 561; x_wconf 82' lang='lat' dir='ltr'><strong>offensas,</strong></span> <span class='ocrx_word' id='word_1_26' title='bbox 715 523 756 552; x_wconf 88' lang='lat' dir='ltr'><strong>ut</strong></span> <span class='ocrx_word' id='word_1_27' title='bbox 776 515 899 561; x_wconf 82' lang='lat' dir='ltr'><strong>decet,</strong></span> <span class='ocrx_word' id='word_1_28' title='bbox 919 517 992 563; x_wconf 84' lang='lat' dir='ltr'><strong>ipse</strong></span> <span class='ocrx_word' id='word_1_29' title='bbox 1007 525 1085 553; x_wconf 84' lang='lat' dir='ltr'><strong>tuas</strong></span> <span class='ocrx_word' id='word_1_30' title='bbox 1102 520 1124 553; x_wconf 87' lang='lat'><strong>¹.</strong></span> 
     </span>
    </p>
   </div>
   <div class='ocr_carea' id='block_1_4' title="bbox 118 597 1569 1438">
    <p class='ocr_par' dir='ltr' id='par_1_4' title="bbox 118 597 1567 901">
     <span class='ocr_line' id='line_1_5' title="bbox 122 597 1565 667; baseline 0.005 -21"><span class='ocrx_word' id='word_1_31' title='bbox 122 616 212 665; x_wconf 88' lang='lat' dir='ltr'><strong>qua</strong></span> <span class='ocrx_word' id='word_1_32' title='bbox 234 597 327 647; x_wconf 84' lang='lat' dir='ltr'><strong>fere</strong></span> <span class='ocrx_word' id='word_1_33' title='bbox 347 616 455 647; x_wconf 85' lang='lat' dir='ltr'><strong>voce</strong></span> <span class='ocrx_word' id='word_1_34' title='bbox 478 598 661 648; x_wconf 84' lang='lat' dir='ltr'><strong>Tacitus</strong></span> <span class='ocrx_word' id='word_1_35' title='bbox 685 605 701 623; x_wconf 84' lang='lat'>²</span> <span class='ocrx_word' id='word_1_36' title='bbox 729 619 912 667; x_wconf 85' lang='lat' dir='ltr'><strong>quoque</strong></span> <span class='ocrx_word' id='word_1_37' title='bbox 935 620 1045 650; x_wconf 91' lang='lat' dir='ltr'><strong>usus</strong></span> <span class='ocrx_word' id='word_1_38' title='bbox 1069 613 1163 660; x_wconf 84' lang='lat' dir='ltr'><strong>est,</strong></span> <span class='ocrx_word' id='word_1_39' title='bbox 1189 621 1322 665; x_wconf 84' lang='lat' dir='ltr'><strong>agens</strong></span> <span class='ocrx_word' id='word_1_40' title='bbox 1339 602 1391 652; x_wconf 90' lang='lat' dir='ltr'><strong>de</strong></span> <span class='ocrx_word' id='word_1_41' title='bbox 1410 603 1467 652; x_wconf 91' lang='lat' dir='ltr'><strong>D.</strong></span> <span class='ocrx_word' id='word_1_42' title='bbox 1490 604 1565 653; x_wconf 83' lang='lat' dir='ltr'><strong>Si—</strong></span> 
     </span>
     <span class='ocr_line' id='line_1_6' title="bbox 118 673 1564 747; baseline 0.006 -24"><span class='ocrx_word' id='word_1_43' title='bbox 118 673 224 725; x_wconf 84' lang='lat' dir='ltr'><strong>lano</strong></span> <span class='ocrx_word' id='word_1_44' title='bbox 256 676 298 725; x_wconf 79' lang='lat' dir='ltr'><strong>in</strong></span> <span class='ocrx_word' id='word_1_45' title='bbox 334 677 450 744; x_wconf 80' lang='lat' dir='ltr'><em>nepti</em></span> <span class='ocrx_word' id='word_1_46' title='bbox 469 678 662 744; x_wconf 75' lang='lat' dir='ltr'><em>Augusti</em></span> <span class='ocrx_word' id='word_1_47' title='bbox 688 677 877 728; x_wconf 82' lang='lat' dir='ltr'><strong>adultero</strong></span> <span class='ocrx_word' id='word_1_48' title='bbox 893 718 905 736; x_wconf 90' lang='lat'><strong><em>,</em></strong></span> <span class='ocrx_word' id='word_1_49' title='bbox 937 697 1067 747; x_wconf 87' lang='lat' dir='ltr'><strong>quem</strong></span> <span class='ocrx_word' id='word_1_50' title='bbox 1094 699 1232 746; x_wconf 89' lang='lat' dir='ltr'><strong>quum</strong></span> <span class='ocrx_word' id='word_1_51' title='bbox 1264 681 1472 731; x_wconf 87' lang='lat' dir='ltr'><strong>Tiberius</strong></span> <span class='ocrx_word' id='word_1_52' title='bbox 1507 683 1564 732; x_wconf 88' lang='lat' dir='ltr'><strong>ab</strong></span> 
     </span>
     <span class='ocr_line' id='line_1_7' title="bbox 121 755 1567 816; baseline 0.003 -11"><span class='ocrx_word' id='word_1_53' title='bbox 121 755 277 805; x_wconf 85' lang='lat' dir='ltr'><strong>exsilio</strong></span> <span class='ocrx_word' id='word_1_54' title='bbox 297 768 569 816; x_wconf 83' lang='lat' dir='ltr'><strong>revocasset,</strong></span> <span class='ocrx_word' id='word_1_55' title='bbox 594 757 633 805; x_wconf 92' lang='lat' dir='ltr'><strong>is</strong></span> <span class='ocrx_word' id='word_1_56' title='bbox 667 757 715 805; x_wconf 91' lang='lat' dir='ltr'><strong>in</strong></span> <span class='ocrx_word' id='word_1_57' title='bbox 745 770 902 807; x_wconf 86' lang='lat' dir='ltr'><strong>senatu</strong></span> <span class='ocrx_word' id='word_1_58' title='bbox 937 758 1046 807; x_wconf 83' lang='lat' dir='ltr'>dixit</span> <span class='ocrx_word' id='word_1_59' title='bbox 1061 795 1073 813; x_wconf 77' lang='grc'>,</span> <span class='ocrx_word' id='word_1_60' title='bbox 1111 758 1194 807; x_wconf 88' lang='lat' dir='ltr'><strong>sibi</strong></span> <span class='ocrx_word' id='word_1_61' title='bbox 1215 769 1347 807; x_wconf 82' lang='lat' dir='ltr'><strong>lamen</strong></span> <span class='ocrx_word' id='word_1_62' title='bbox 1377 760 1567 810; x_wconf 72' lang='lat' dir='ltr'><strong>adversus</strong></span> 
     </span>
     <span class='ocr_line' id='line_1_8' title="bbox 119 831 1531 901; baseline 0.003 -19"><span class='ocrx_word' id='word_1_63' title='bbox 119 850 210 882; x_wconf 82' lang='lat' dir='ltr'><strong>eum</strong></span> <span class='ocrx_word' id='word_1_64' title='bbox 229 831 491 899; x_wconf 84' lang='lat' dir='ltr'><strong>(Silanum)</strong></span> <span class='ocrx_word' id='word_1_65' title='bbox 512 834 689 900; x_wconf 68' lang='lat' dir='ltr'><strong>ihtegms</strong></span> <span class='ocrx_word' id='word_1_66' title='bbox 704 836 888 901; x_wconf 84' lang='lat' dir='ltr'><strong>parentis</strong></span> <span class='ocrx_word' id='word_1_67' title='bbox 908 835 975 883; x_wconf 88' lang='lat' dir='ltr'><strong>sui</strong></span> <span class='ocrx_word' id='word_1_68' title='bbox 992 834 1256 901; x_wconf 78' lang='lat' dir='ltr'><strong>(Augusti)</strong></span> <span class='ocrx_word' id='word_1_69' title='bbox 1280 836 1531 901; x_wconf 81' lang='lat' dir='ltr'><strong>offensiones.</strong></span> 
     </span>
    </p>

    <p class='ocr_par' dir='ltr' id='par_1_5' title="bbox 120 911 1569 1295">
     <span class='ocr_line' id='line_1_9' title="bbox 186 911 1568 979; baseline 0.004 -19"><span class='ocrx_word' id='word_1_70' title='bbox 186 913 289 961; x_wconf 86' lang='lat' dir='ltr'><strong>Hoc</strong></span> <span class='ocrx_word' id='word_1_71' title='bbox 308 931 472 979; x_wconf 86' lang='lat' dir='ltr'><strong>porro,</strong></span> <span class='ocrx_word' id='word_1_72' title='bbox 498 911 621 979; x_wconf 89' lang='lat' dir='ltr'><strong>quod</strong></span> <span class='ocrx_word' id='word_1_73' title='bbox 642 913 808 962; x_wconf 82' lang='lat' dir='ltr'><strong>ovidio</strong></span> <span class='ocrx_word' id='word_1_74' title='bbox 831 913 977 962; x_wconf 83' lang='lat' dir='ltr'><strong>visum</strong></span> <span class='ocrx_word' id='word_1_75' title='bbox 992 951 1004 972; x_wconf 91' lang='lat'>‚</span> <span class='ocrx_word' id='word_1_76' title='bbox 1029 925 1081 962; x_wconf 89' lang='lat' dir='ltr'><strong>ut</strong></span> <span class='ocrx_word' id='word_1_77' title='bbox 1103 914 1299 962; x_wconf 86' lang='lat' dir='ltr'><strong>secundo</strong></span> <span class='ocrx_word' id='word_1_78' title='bbox 1324 934 1374 963; x_wconf 86' lang='lat' dir='ltr'><strong>ex</strong></span> <span class='ocrx_word' id='word_1_79' title='bbox 1399 935 1448 964; x_wconf 91' lang='lat' dir='ltr'><strong>eo</strong></span> <span class='ocrx_word' id='word_1_80' title='bbox 1472 917 1568 965; x_wconf 87' lang='lat' dir='ltr'><strong>col—</strong></span> 
     </span>
     <span class='ocr_line' id='line_1_10' title="bbox 120 989 1567 1061; baseline 0.004 -23"><span class='ocrx_word' id='word_1_81' title='bbox 120 989 321 1054; x_wconf 82' lang='lat' dir='ltr'><strong>ligimuS‚</strong></span> <span class='ocrx_word' id='word_1_82' title='bbox 338 990 514 1039; x_wconf 81' lang='lat' dir='ltr'><strong>criminis</strong></span> <span class='ocrx_word' id='word_1_83' title='bbox 526 991 716 1058; x_wconf 81' lang='lat' dir='ltr'><strong>speciem</strong></span> <span class='ocrx_word' id='word_1_84' title='bbox 731 991 891 1040; x_wconf 88' lang='lat' dir='ltr'><strong>habuit</strong></span> <span class='ocrx_word' id='word_1_85' title='bbox 904 1030 915 1050; x_wconf 94' lang='lat'>‚</span> <span class='ocrx_word' id='word_1_86' title='bbox 933 1012 1071 1059; x_wconf 89' lang='lat' dir='ltr'><strong>quum</strong></span> <span class='ocrx_word' id='word_1_87' title='bbox 1086 992 1183 1042; x_wconf 91' lang='lat' dir='ltr'><strong>solo</strong></span> <span class='ocrx_word' id='word_1_88' title='bbox 1200 992 1342 1060; x_wconf 91' lang='lat' dir='ltr'><strong>ipsius</strong></span> <span class='ocrx_word' id='word_1_89' title='bbox 1355 993 1567 1061; x_wconf 86' lang='lat' dir='ltr'><strong>adspectu</strong></span> 
     </span>
     <span class='ocr_line' id='line_1_11' title="bbox 124 1069 1568 1140; baseline 0.003 -23"><span class='ocrx_word' id='word_1_90' title='bbox 124 1086 203 1118; x_wconf 86' lang='lat' dir='ltr'><strong>sua</strong></span> <span class='ocrx_word' id='word_1_91' title='bbox 229 1071 397 1119; x_wconf 85' lang='lat' dir='ltr'><strong>Noster</strong></span> <span class='ocrx_word' id='word_1_92' title='bbox 419 1069 576 1118; x_wconf 84' lang='lat' dir='ltr'><strong>lumina</strong></span> <span class='ocrx_word' id='word_1_93' title='bbox 592 1069 746 1119; x_wconf 86' lang='lat' dir='ltr'><strong>fecerit</strong></span> <span class='ocrx_word' id='word_1_94' title='bbox 764 1070 891 1118; x_wconf 74' lang='lat' dir='ltr'><strong>noxia</strong></span> <span class='ocrx_word' id='word_1_95' title='bbox 903 1110 914 1127; x_wconf 90' lang='lat'>‚</span> <span class='ocrx_word' id='word_1_96' title='bbox 936 1084 1067 1138; x_wconf 89' lang='lat' dir='ltr'><strong>atque</strong></span> <span class='ocrx_word' id='word_1_97' title='bbox 1083 1071 1277 1139; x_wconf 89' lang='lat' dir='ltr'><strong>idipsum</strong></span> <span class='ocrx_word' id='word_1_98' title='bbox 1294 1072 1333 1120; x_wconf 90' lang='lat' dir='ltr'><strong>ei</strong></span> <span class='ocrx_word' id='word_1_99' title='bbox 1351 1074 1475 1140; x_wconf 83' lang='lat' dir='ltr'><strong>culpa</strong></span> <span class='ocrx_word' id='word_1_100' title='bbox 1494 1095 1568 1123; x_wconf 91' lang='lat' dir='ltr'><strong>vo-</strong></span> 
     </span>
     <span class='ocr_line' id='line_1_12' title="bbox 124 1147 1569 1214; baseline 0.005 -19"><span class='ocrx_word' id='word_1_101' title='bbox 124 1158 275 1206; x_wconf 84' lang='lat' dir='ltr'><strong>cetur,</strong></span> <span class='ocrx_word' id='word_1_102' title='bbox 303 1166 401 1214; x_wconf 85' lang='lat' dir='ltr'><strong>quae</strong></span> <span class='ocrx_word' id='word_1_103' title='bbox 425 1147 696 1214; x_wconf 80' lang='lat' dir='ltr'><strong>imprudenti</strong></span> <span class='ocrx_word' id='word_1_104' title='bbox 721 1148 915 1211; x_wconf 85' lang='lat' dir='ltr'><strong>cognita.</strong></span> <span class='ocrx_word' id='word_1_105' title='bbox 949 1149 1076 1213; x_wconf 86' lang='lat' dir='ltr'><strong>Quin</strong></span> <span class='ocrx_word' id='word_1_106' title='bbox 1100 1161 1143 1198; x_wconf 86' lang='lat' dir='ltr'><strong>et</strong></span> <span class='ocrx_word' id='word_1_107' title='bbox 1166 1149 1283 1198; x_wconf 89' lang='lat' dir='ltr'><strong>idem</strong></span> <span class='ocrx_word' id='word_1_108' title='bbox 1309 1151 1468 1202; x_wconf 83' lang='lat' dir='ltr'><strong>diserte</strong></span> <span class='ocrx_word' id='word_1_109' title='bbox 1491 1154 1569 1202; x_wconf 87' lang='lat' dir='ltr'><strong>ad—</strong></span> 
     </span>
     <span class='ocr_line' id='line_1_13' title="bbox 122 1223 1418 1295; baseline 0.003 -22"><span class='ocrx_word' id='word_1_110' title='bbox 122 1223 260 1292; x_wconf 89' lang='lat' dir='ltr'><strong>pellat</strong></span> <span class='ocrx_word' id='word_1_111' title='bbox 282 1226 455 1283; x_wconf 72' lang='lat' dir='ltr'><strong>crimen,</strong></span> <span class='ocrx_word' id='word_1_112' title='bbox 479 1226 616 1274; x_wconf 89' lang='lat' dir='ltr'><strong>Trist.</strong></span> <span class='ocrx_word' id='word_1_113' title='bbox 644 1226 722 1275; x_wconf 88' lang='lat' dir='ltr'><strong>lib.</strong></span> <span class='ocrx_word' id='word_1_114' title='bbox 749 1228 818 1277; x_wconf 85' lang='lat'><strong>111</strong></span> <span class='ocrx_word' id='word_1_115' title='bbox 834 1265 846 1286; x_wconf 89' lang='lat'>,</span> <span class='ocrx_word' id='word_1_116' title='bbox 869 1226 994 1290; x_wconf 84' lang='lat' dir='ltr'><strong>Eleg.</strong></span> <span class='ocrx_word' id='word_1_117' title='bbox 1023 1238 1070 1284; x_wconf 84' lang='lat' dir='ltr'><strong>v,</strong></span> <span class='ocrx_word' id='word_1_118' title='bbox 1092 1247 1204 1277; x_wconf 83' lang='lat' dir='ltr'><strong>vers.</strong></span> <span class='ocrx_word' id='word_1_119' title='bbox 1233 1228 1384 1295; x_wconf 71' lang='lat'>49-52</span> <span class='ocrx_word' id='word_1_120' title='bbox 1407 1250 1418 1278; x_wconf 73' lang='grc' dir='ltr'>ε</span> 
     </span>
    </p>

    <p class='ocr_par' dir='ltr' id='par_1_6' title="bbox 301 1331 1239 1438">
     <span class='ocr_line' id='line_1_14' title="bbox 301 1331 1239 1378; baseline 0.002 -12"><span class='ocrx_word' id='word_1_121' title='bbox 301 1342 307 1348; x_wconf 93' lang='grc'><em>·</em></span> <span class='ocrx_word' id='word_1_122' title='bbox 343 1331 459 1367; x_wconf 79' lang='lat' dir='ltr'><strong>Inscia</strong></span> <span class='ocrx_word' id='word_1_123' title='bbox 472 1331 571 1377; x_wconf 89' lang='lat' dir='ltr'><strong>quod</strong></span> <span class='ocrx_word' id='word_1_124' title='bbox 588 1335 712 1367; x_wconf 75' lang='lat' dir='ltr'><strong>crimen</strong></span> <span class='ocrx_word' id='word_1_125' title='bbox 722 1332 891 1367; x_wconf 83' lang='lat' dir='ltr'><strong>viderunt</strong></span> <span class='ocrx_word' id='word_1_126' title='bbox 907 1332 1040 1367; x_wconf 81' lang='lat' dir='ltr'><strong>lumina</strong></span> <span class='ocrx_word' id='word_1_127' title='bbox 1054 1359 1063 1376; x_wconf 91' lang='lat'><strong><em>,</em></strong></span> <span class='ocrx_word' id='word_1_128' title='bbox 1082 1331 1216 1378; x_wconf 81' lang='lat' dir='ltr'><strong>plector</strong></span> <span class='ocrx_word' id='word_1_129' title='bbox 1230 1346 1239 1375; x_wconf 91' lang='lat'>;</span> 
     </span>
     <span class='ocr_line' id='line_1_15' title="bbox 389 1390 1182 1438; baseline -0.001 -11"><span class='ocrx_word' id='word_1_130' title='bbox 389 1390 651 1438; x_wconf 60' lang='lat' dir='ltr'><strong>Pet-ratumque</strong></span> <span class='ocrx_word' id='word_1_131' title='bbox 667 1392 787 1429; x_wconf 86' lang='lat' dir='ltr'><strong>oculos</strong></span> <span class='ocrx_word' id='word_1_132' title='bbox 804 1400 856 1429; x_wconf 85' lang='lat' dir='ltr'><strong>est</strong></span> <span class='ocrx_word' id='word_1_133' title='bbox 872 1393 1032 1429; x_wconf 88' lang='lat' dir='ltr'><strong>habuisse</strong></span> <span class='ocrx_word' id='word_1_134' title='bbox 1049 1406 1182 1428; x_wconf 86' lang='lat' dir='ltr'><strong>meum.</strong></span> 
     </span>
    </p>
   </div>
   <div class='ocr_carea' id='block_1_5' title="bbox 344 1453 1278 1562">
    <p class='ocr_par' dir='ltr' id='par_1_7' title="bbox 344 1453 1278 1562">
     <span class='ocr_line' id='line_1_16' title="bbox 344 1453 1278 1502; baseline 0.002 -13"><span class='ocrx_word' id='word_1_135' title='bbox 344 1453 427 1489; x_wconf 85' lang='lat' dir='ltr'><strong>Non</strong></span> <span class='ocrx_word' id='word_1_136' title='bbox 444 1453 611 1500; x_wconf 81' lang='lat' dir='ltr'><strong>equidem</strong></span> <span class='ocrx_word' id='word_1_137' title='bbox 628 1462 740 1490; x_wconf 83' lang='lat' dir='ltr'><strong>totam</strong></span> <span class='ocrx_word' id='word_1_138' title='bbox 757 1455 885 1501; x_wconf 86' lang='lat' dir='ltr'><strong>possim</strong></span> <span class='ocrx_word' id='word_1_139' title='bbox 902 1454 1093 1490; x_wconf 81' lang='lat' dir='ltr'><strong>defendere</strong></span> <span class='ocrx_word' id='word_1_140' title='bbox 1112 1456 1250 1502; x_wconf 88' lang='lat' dir='ltr'><strong>culpam</strong></span> <span class='ocrx_word' id='word_1_141' title='bbox 1270 1471 1278 1498; x_wconf 93' lang='lat'>;</span> 
     </span>
     <span class='ocr_line' id='line_1_17' title="bbox 387 1515 1223 1562; baseline 0 -11"><span class='ocrx_word' id='word_1_142' title='bbox 387 1515 462 1551; x_wconf 91' lang='lat' dir='ltr'><strong>Sed</strong></span> <span class='ocrx_word' id='word_1_143' title='bbox 479 1523 616 1562; x_wconf 81' lang='lat' dir='ltr'><strong>partem</strong></span> <span class='ocrx_word' id='word_1_144' title='bbox 634 1517 746 1553; x_wconf 85' lang='lat' dir='ltr'><strong>nostri</strong></span> <span class='ocrx_word' id='word_1_145' title='bbox 763 1517 920 1552; x_wconf 88' lang='lat' dir='ltr'><strong>criminis</strong></span> <span class='ocrx_word' id='word_1_146' title='bbox 935 1527 1067 1552; x_wconf 70' lang='lat' dir='ltr'><strong>Ennon</strong></span> <span class='ocrx_word' id='word_1_147' title='bbox 1078 1515 1093 1537; x_wconf 83' lang='lat'>³</span> <span class='ocrx_word' id='word_1_148' title='bbox 1108 1516 1223 1552; x_wconf 88' lang='lat' dir='ltr'><strong>habet.</strong></span> 
     </span>
    </p>
   </div>
   <div class='ocr_carea' id='block_1_6' title="bbox 123 1605 1571 2304">
    <p class='ocr_par' dir='ltr' id='par_1_8' title="bbox 123 1605 1571 2304">
     <span class='ocr_line' id='line_1_18' title="bbox 188 1605 1567 1681; baseline 0.005 -25"><span class='ocrx_word' id='word_1_149' title='bbox 188 1605 307 1656; x_wconf 85' lang='lat' dir='ltr'><strong>Illud</strong></span> <span class='ocrx_word' id='word_1_150' title='bbox 330 1627 435 1657; x_wconf 80' lang='lat' dir='ltr'><strong>vero</strong></span> <span class='ocrx_word' id='word_1_151' title='bbox 456 1609 603 1657; x_wconf 83' lang='lat' dir='ltr'><strong>crimen</strong></span> <span class='ocrx_word' id='word_1_152' title='bbox 620 1609 854 1676; x_wconf 87' lang='lat' dir='ltr'><strong>ipsiusmet</strong></span> <span class='ocrx_word' id='word_1_153' title='bbox 871 1608 1207 1675; x_wconf 74' lang='lat' dir='ltr'><strong>Auguslifuisse</strong></span> <span class='ocrx_word' id='word_1_154' title='bbox 1220 1649 1234 1669; x_wconf 89' lang='lat'><em>,</em></span> <span class='ocrx_word' id='word_1_155' title='bbox 1257 1611 1463 1661; x_wconf 87' lang='lat' dir='ltr'><strong>nonnulli</strong></span> <span class='ocrx_word' id='word_1_156' title='bbox 1482 1633 1567 1681; x_wconf 86' lang='lat' dir='ltr'><strong>pu-</strong></span> 
     </span>
     <span class='ocr_line' id='line_1_19' title="bbox 124 1685 1570 1754; baseline 0.003 -20"><span class='ocrx_word' id='word_1_157' title='bbox 124 1697 303 1744; x_wconf 88' lang='lat' dir='ltr'><strong>tarunt;</strong></span> <span class='ocrx_word' id='word_1_158' title='bbox 329 1685 457 1753; x_wconf 82' lang='lat' dir='ltr'><strong>quasi</strong></span> <span class='ocrx_word' id='word_1_159' title='bbox 483 1687 605 1735; x_wconf 84' lang='lat' dir='ltr'><strong>Naso</strong></span> <span class='ocrx_word' id='word_1_160' title='bbox 630 1699 760 1754; x_wconf 88' lang='lat' dir='ltr'><strong>turpe</strong></span> <span class='ocrx_word' id='word_1_161' title='bbox 777 1687 967 1754; x_wconf 87' lang='lat' dir='ltr'><strong>aliquod</strong></span> <span class='ocrx_word' id='word_1_162' title='bbox 992 1687 1088 1753; x_wconf 88' lang='lat' dir='ltr'><strong>ejus</strong></span> <span class='ocrx_word' id='word_1_163' title='bbox 1123 1701 1342 1738; x_wconf 86' lang='lat' dir='ltr'><strong>secretum</strong></span> <span class='ocrx_word' id='word_1_164' title='bbox 1370 1709 1473 1739; x_wconf 84' lang='lat' dir='ltr'><strong>casu</strong></span> <span class='ocrx_word' id='word_1_165' title='bbox 1506 1693 1570 1740; x_wconf 88' lang='lat' dir='ltr'><strong>vi-</strong></span> 
     </span>
     <span class='ocr_line' id='line_1_20' title="bbox 126 1761 1570 1836; baseline 0.006 -26"><span class='ocrx_word' id='word_1_166' title='bbox 126 1761 280 1815; x_wconf 82' lang='lat' dir='ltr'><strong>disset.</strong></span> <span class='ocrx_word' id='word_1_167' title='bbox 308 1764 448 1828; x_wconf 78' lang='lat' dir='ltr'><strong>Quod</strong></span> <span class='ocrx_word' id='word_1_168' title='bbox 470 1777 590 1813; x_wconf 87' lang='lat' dir='ltr'><strong>recte</strong></span> <span class='ocrx_word' id='word_1_169' title='bbox 611 1765 883 1832; x_wconf 83' lang='lat' dir='ltr'><strong>praelaudato</strong></span> <span class='ocrx_word' id='word_1_170' title='bbox 912 1766 1120 1815; x_wconf 84' lang='lat' dir='ltr'><strong>Manutio</strong></span> <span class='ocrx_word' id='word_1_171' title='bbox 1149 1786 1241 1815; x_wconf 90' lang='lat' dir='ltr'><strong>non</strong></span> <span class='ocrx_word' id='word_1_172' title='bbox 1264 1767 1434 1834; x_wconf 85' lang='lat' dir='ltr'><strong>placet,</strong></span> <span class='ocrx_word' id='word_1_173' title='bbox 1466 1771 1570 1836; x_wconf 90' lang='lat' dir='ltr'><strong>quia</strong></span> 
     </span>
     <span class='ocr_line' id='line_1_21' title="bbox 123 1842 1571 1909; baseline 0.005 -20"><span class='ocrx_word' id='word_1_174' title='bbox 123 1842 257 1891; x_wconf 88' lang='lat' dir='ltr'><strong>toties</strong></span> <span class='ocrx_word' id='word_1_175' title='bbox 281 1843 535 1909; x_wconf 88' lang='lat' dir='ltr'><strong>objiciendo</strong></span> <span class='ocrx_word' id='word_1_176' title='bbox 571 1844 715 1893; x_wconf 88' lang='lat' dir='ltr'><strong>scelus</strong></span> <span class='ocrx_word' id='word_1_177' title='bbox 734 1882 746 1903; x_wconf 87' lang='lat'>‚</span> <span class='ocrx_word' id='word_1_178' title='bbox 770 1844 1054 1893; x_wconf 88' lang='lat' dir='ltr'><strong>immitiorem</strong></span> <span class='ocrx_word' id='word_1_179' title='bbox 1080 1845 1273 1894; x_wconf 87' lang='lat' dir='ltr'><strong>Ovidius</strong></span> <span class='ocrx_word' id='word_1_180' title='bbox 1307 1845 1571 1896; x_wconf 85' lang='lat' dir='ltr'><strong>reddidisset</strong></span> 
     </span>
     <span class='ocr_line' id='line_1_22' title="bbox 126 1918 1569 1989; baseline 0.004 -21"><span class='ocrx_word' id='word_1_181' title='bbox 126 1918 339 1970; x_wconf 84' lang='lat' dir='ltr'><strong>Caesarem</strong></span> <span class='ocrx_word' id='word_1_182' title='bbox 353 1959 365 1979; x_wconf 90' lang='lat'>‚</span> <span class='ocrx_word' id='word_1_183' title='bbox 386 1940 517 1989; x_wconf 91' lang='lat' dir='ltr'><strong>quem</strong></span> <span class='ocrx_word' id='word_1_184' title='bbox 531 1921 666 1970; x_wconf 89' lang='lat' dir='ltr'><strong>lenire</strong></span> <span class='ocrx_word' id='word_1_185' title='bbox 685 1934 728 1970; x_wconf 89' lang='lat' dir='ltr'><strong>et</strong></span> <span class='ocrx_word' id='word_1_186' title='bbox 741 1921 914 1989; x_wconf 86' lang='lat' dir='ltr'><strong>placare</strong></span> <span class='ocrx_word' id='word_1_187' title='bbox 929 1923 1151 1972; x_wconf 87' lang='lat' dir='ltr'><strong>studebat.</strong></span> <span class='ocrx_word' id='word_1_188' title='bbox 1170 1924 1387 1973; x_wconf 85' lang='lat' dir='ltr'><strong>Praeterea</strong></span> <span class='ocrx_word' id='word_1_189' title='bbox 1403 1927 1569 1974; x_wconf 86' lang='lat' dir='ltr'><strong>Noster</strong></span> 
     </span>
     <span class='ocr_line' id='line_1_23' title="bbox 125 1998 1570 2069; baseline 0.003 -21"><span class='ocrx_word' id='word_1_190' title='bbox 125 1998 174 2047; x_wconf 89' lang='lat' dir='ltr'><strong>id</strong></span> <span class='ocrx_word' id='word_1_191' title='bbox 196 2019 481 2068; x_wconf 86' lang='lat' dir='ltr'><strong>nequaquam</strong></span> <span class='ocrx_word' id='word_1_192' title='bbox 503 2002 700 2064; x_wconf 85' lang='lat' dir='ltr'><strong>Augusti</strong></span> <span class='ocrx_word' id='word_1_193' title='bbox 719 2002 922 2059; x_wconf 74' lang='lat' dir='ltr'><strong>vulnera,</strong></span> <span class='ocrx_word' id='word_1_194' title='bbox 951 2002 1116 2069; x_wconf 87' lang='lat' dir='ltr'><strong>quibus</strong></span> <span class='ocrx_word' id='word_1_195' title='bbox 1143 2001 1391 2061; x_wconf 81' lang='lat' dir='ltr'><strong>indoluerit,</strong></span> <span class='ocrx_word' id='word_1_196' title='bbox 1419 2023 1570 2053; x_wconf 87' lang='lat' dir='ltr'><strong>vocas—</strong></span> 
     </span>
     <span class='ocr_line' id='line_1_24' title="bbox 126 2079 1569 2149; baseline 0.003 -21"><span class='ocrx_word' id='word_1_197' title='bbox 126 2090 206 2128; x_wconf 82' lang='lat' dir='ltr'><strong>set.</strong></span> <span class='ocrx_word' id='word_1_198' title='bbox 231 2079 403 2129; x_wconf 89' lang='lat' dir='ltr'><strong>Deinde</strong></span> <span class='ocrx_word' id='word_1_199' title='bbox 428 2093 560 2148; x_wconf 83' lang='lat' dir='ltr'><strong>poeta</strong></span> <span class='ocrx_word' id='word_1_200' title='bbox 583 2080 698 2130; x_wconf 89' lang='lat' dir='ltr'><strong>illud</strong></span> <span class='ocrx_word' id='word_1_201' title='bbox 719 2082 865 2130; x_wconf 84' lang='lat' dir='ltr'><strong>crimen</strong></span> <span class='ocrx_word' id='word_1_202' title='bbox 884 2100 975 2130; x_wconf 92' lang='lat' dir='ltr'><strong>non</strong></span> <span class='ocrx_word' id='word_1_203' title='bbox 1004 2081 1140 2141; x_wconf 85' lang='lat' dir='ltr'><strong>celat,</strong></span> <span class='ocrx_word' id='word_1_204' title='bbox 1169 2082 1291 2149; x_wconf 91' lang='lat' dir='ltr'><strong>quod</strong></span> <span class='ocrx_word' id='word_1_205' title='bbox 1310 2094 1424 2131; x_wconf 89' lang='lat' dir='ltr'><strong>esset</strong></span> <span class='ocrx_word' id='word_1_206' title='bbox 1437 2102 1569 2132; x_wconf 85' lang='lat' dir='ltr'><strong>secre-</strong></span> 
     </span>
     <span class='ocr_line' id='line_1_25' title="bbox 124 2157 1568 2226; baseline 0.003 -21"><span class='ocrx_word' id='word_1_207' title='bbox 124 2166 210 2205; x_wconf 86' lang='lat' dir='ltr'><strong>tum</strong></span> <span class='ocrx_word' id='word_1_208' title='bbox 227 2197 240 2215; x_wconf 88' lang='lat'><strong><em>,</em></strong></span> <span class='ocrx_word' id='word_1_209' title='bbox 267 2177 316 2206; x_wconf 86' lang='lat' dir='ltr'><strong>ac</strong></span> <span class='ocrx_word' id='word_1_210' title='bbox 339 2157 436 2207; x_wconf 87' lang='lat' dir='ltr'><strong>aliis</strong></span> <span class='ocrx_word' id='word_1_211' title='bbox 460 2159 676 2222; x_wconf 84' lang='lat' dir='ltr'><strong>ignotum.</strong></span> <span class='ocrx_word' id='word_1_212' title='bbox 699 2161 827 2208; x_wconf 89' lang='lat' dir='ltr'><strong>Hanc</strong></span> <span class='ocrx_word' id='word_1_213' title='bbox 851 2160 967 2208; x_wconf 87' lang='lat' dir='ltr'><strong>enim</strong></span> <span class='ocrx_word' id='word_1_214' title='bbox 987 2159 1055 2208; x_wconf 86' lang='lat' dir='ltr'><strong>sui</strong></span> <span class='ocrx_word' id='word_1_215' title='bbox 1077 2159 1218 2209; x_wconf 86' lang='lat' dir='ltr'><strong>exsilii</strong></span> <span class='ocrx_word' id='word_1_216' title='bbox 1238 2180 1413 2209; x_wconf 85' lang='lat' dir='ltr'><strong>causam</strong></span> <span class='ocrx_word' id='word_1_217' title='bbox 1434 2161 1568 2226; x_wconf 83' lang='lat' dir='ltr'><strong>vulgo</strong></span> 
     </span>
     <span class='ocr_line' id='line_1_26' title="bbox 124 2234 1564 2304; baseline 0.002 -22"><span class='ocrx_word' id='word_1_218' title='bbox 124 2234 346 2300; x_wconf 86' lang='lat' dir='ltr'><strong>patuisse,</strong></span> <span class='ocrx_word' id='word_1_219' title='bbox 373 2234 539 2284; x_wconf 89' lang='lat' dir='ltr'><strong>indicat</strong></span> <span class='ocrx_word' id='word_1_220' title='bbox 559 2236 696 2284; x_wconf 89' lang='lat' dir='ltr'><strong>Trist.</strong></span> <span class='ocrx_word' id='word_1_221' title='bbox 722 2235 801 2285; x_wconf 86' lang='lat' dir='ltr'><strong>lib.</strong></span> <span class='ocrx_word' id='word_1_222' title='bbox 822 2238 902 2295; x_wconf 85' lang='lat' dir='ltr'><strong>IV,</strong></span> <span class='ocrx_word' id='word_1_223' title='bbox 928 2236 1052 2301; x_wconf 89' lang='lat' dir='ltr'><strong>Eleg.</strong></span> <span class='ocrx_word' id='word_1_224' title='bbox 1075 2251 1105 2285; x_wconf 84' lang='lat' dir='ltr'>x</span> <span class='ocrx_word' id='word_1_225' title='bbox 1121 2274 1132 2296; x_wconf 86' lang='lat'><strong>‚</strong></span> <span class='ocrx_word' id='word_1_226' title='bbox 1155 2256 1265 2287; x_wconf 84' lang='lat' dir='ltr'><strong>vers.</strong></span> <span class='ocrx_word' id='word_1_227' title='bbox 1288 2255 1351 2304; x_wconf 84' lang='lat'><strong>99</strong></span> <span class='ocrx_word' id='word_1_228' title='bbox 1374 2250 1421 2286; x_wconf 90' lang='lat' dir='ltr'><strong>et</strong></span> <span class='ocrx_word' id='word_1_229' title='bbox 1445 2258 1534 2286; x_wconf 86' lang='lat'><strong>100</strong></span> <span class='ocrx_word' id='word_1_230' title='bbox 1555 2259 1564 2284; x_wconf 74' lang='grc' dir='ltr'>ε</span> 
     </span>
    </p>
   </div>
   <div class='ocr_carea' id='block_1_7' title="bbox 349 2340 1320 2439">
    <p class='ocr_par' dir='ltr' id='par_1_9' title="bbox 349 2340 1320 2439">
     <span class='ocr_line' id='line_1_27' title="bbox 349 2340 1320 2388; baseline 0.003 -13"><span class='ocrx_word' id='word_1_231' title='bbox 349 2341 463 2375; x_wconf 86' lang='lat' dir='ltr'><strong>Causa</strong></span> <span class='ocrx_word' id='word_1_232' title='bbox 477 2352 564 2375; x_wconf 82' lang='lat' dir='ltr'><strong>meae</strong></span> <span class='ocrx_word' id='word_1_233' title='bbox 579 2366 588 2384; x_wconf 92' lang='lat'>,</span> <span class='ocrx_word' id='word_1_234' title='bbox 608 2344 740 2375; x_wconf 79' lang='lat' dir='ltr'><strong>cunctis</strong></span> <span class='ocrx_word' id='word_1_235' title='bbox 756 2340 908 2377; x_wconf 87' lang='lat' dir='ltr'><strong>nimium</strong></span> <span class='ocrx_word' id='word_1_236' title='bbox 927 2354 1067 2388; x_wconf 88' lang='lat' dir='ltr'><strong>quoque</strong></span> <span class='ocrx_word' id='word_1_237' title='bbox 1084 2349 1165 2378; x_wconf 83' lang='lat' dir='ltr'><strong>nota</strong></span> <span class='ocrx_word' id='word_1_238' title='bbox 1179 2370 1187 2385; x_wconf 89' lang='lat'>‚</span> <span class='ocrx_word' id='word_1_239' title='bbox 1207 2343 1320 2378; x_wconf 70' lang='lat' dir='ltr'><strong>ruinae</strong></span> 
     </span>
     <span class='ocr_line' id='line_1_28' title="bbox 387 2401 1200 2439; baseline 0.005 -3"><span class='ocrx_word' id='word_1_240' title='bbox 387 2401 524 2437; x_wconf 86' lang='lat' dir='ltr'><strong>Indicio</strong></span> <span class='ocrx_word' id='word_1_241' title='bbox 543 2414 618 2436; x_wconf 90' lang='lat' dir='ltr'><strong>non</strong></span> <span class='ocrx_word' id='word_1_242' title='bbox 635 2409 687 2436; x_wconf 82' lang='lat' dir='ltr'><strong>est</strong></span> <span class='ocrx_word' id='word_1_243' title='bbox 708 2402 925 2439; x_wconf 80' lang='lat' dir='ltr'><strong>testificanda</strong></span> <span class='ocrx_word' id='word_1_244' title='bbox 942 2417 1033 2439; x_wconf 89' lang='lat' dir='ltr'><strong>meo.</strong></span> <span class='ocrx_word' id='word_1_245' title='bbox 1196 2401 1200 2403; x_wconf 17' lang='lat' dir='ltr'><strong>i</strong></span> 
     </span>
    </p>
   </div>
   <div class='ocr_carea' id='block_1_8' title="bbox 125 2515 1565 2618">
    <p class='ocr_par' dir='ltr' id='par_1_10' title="bbox 125 2515 1565 2618">
     <span class='ocr_line' id='line_1_29' title="bbox 171 2515 1565 2564; baseline 0.002 -14"><span class='ocrx_word' id='word_1_246' title='bbox 171 2517 182 2536; x_wconf 88' lang='lat'>¹</span> <span class='ocrx_word' id='word_1_247' title='bbox 208 2515 267 2551; x_wconf 79' lang='lat' dir='ltr'><strong>Sic</strong></span> <span class='ocrx_word' id='word_1_248' title='bbox 280 2522 316 2550; x_wconf 89' lang='lat' dir='ltr'><strong>et</strong></span> <span class='ocrx_word' id='word_1_249' title='bbox 331 2515 438 2551; x_wconf 82' lang='lat' dir='ltr'><strong>Trist.</strong></span> <span class='ocrx_word' id='word_1_250' title='bbox 460 2516 517 2551; x_wconf 87' lang='lat' dir='ltr'><strong>lib.</strong></span> <span class='ocrx_word' id='word_1_251' title='bbox 543 2516 619 2559; x_wconf 89' lang='lat' dir='ltr'><strong>III,</strong></span> <span class='ocrx_word' id='word_1_252' title='bbox 640 2515 738 2562; x_wconf 84' lang='lat' dir='ltr'><strong>Eleg.</strong></span> <span class='ocrx_word' id='word_1_253' title='bbox 758 2526 851 2561; x_wconf 78' lang='lat' dir='ltr'><strong>vtn,</strong></span> <span class='ocrx_word' id='word_1_254' title='bbox 872 2529 960 2552; x_wconf 74' lang='lat' dir='ltr'><strong>vers.</strong></span> <span class='ocrx_word' id='word_1_255' title='bbox 980 2519 1023 2563; x_wconf 74' lang='lat'><strong>40</strong></span> <span class='ocrx_word' id='word_1_256' title='bbox 1037 2544 1047 2564; x_wconf 87' lang='lat'>‚</span> <span class='ocrx_word' id='word_1_257' title='bbox 1075 2518 1238 2563; x_wconf 80' lang='lat' dir='ltr'><strong>queritur</strong></span> <span class='ocrx_word' id='word_1_258' title='bbox 1255 2516 1299 2551; x_wconf 88' lang='lat' dir='ltr'><strong>de</strong></span> <span class='ocrx_word' id='word_1_259' title='bbox 1318 2515 1464 2555; x_wconf 78' lang='lat' dir='ltr'><strong>Caesaris</strong></span> <span class='ocrx_word' id='word_1_260' title='bbox 1490 2518 1540 2554; x_wconf 86' lang='lat' dir='ltr'><strong>ira</strong></span> <span class='ocrx_word' id='word_1_261' title='bbox 1556 2547 1565 2564; x_wconf 89' lang='lat'>‚</span> 
     </span>
     <span class='ocr_line' id='line_1_30' title="bbox 125 2570 949 2618; baseline 0.001 -11"><span class='ocrx_word' id='word_1_262' title='bbox 125 2586 144 2602; x_wconf 73' lang='grc' dir='ltr'><strong>«ι</strong></span> <span class='ocrx_word' id='word_1_263' title='bbox 163 2570 274 2618; x_wconf 87' lang='lat' dir='ltr'><strong>Quod</strong></span> <span class='ocrx_word' id='word_1_264' title='bbox 292 2585 366 2607; x_wconf 90' lang='lat' dir='ltr'><strong>non</strong></span> <span class='ocrx_word' id='word_1_265' title='bbox 381 2572 536 2617; x_wconf 75' lang='lat' dir='ltr'><strong>offensas</strong></span> <span class='ocrx_word' id='word_1_266' title='bbox 550 2573 704 2608; x_wconf 81' lang='lat' dir='ltr'><strong>vindicet</strong></span> <span class='ocrx_word' id='word_1_267' title='bbox 721 2586 803 2609; x_wconf 85' lang='lat' dir='ltr'><strong>ense</strong></span> <span class='ocrx_word' id='word_1_268' title='bbox 820 2586 913 2608; x_wconf 83' lang='lat' dir='ltr'><strong>suas.</strong></span> <span class='ocrx_word' id='word_1_269' title='bbox 931 2589 949 2604; x_wconf 89' lang='lat'>»</span> 
     </span>
    </p>
   </div>
   <div class='ocr_carea' id='block_1_9' title="bbox 169 2634 671 2681">
    <p class='ocr_par' dir='ltr' id='par_1_11' title="bbox 169 2634 671 2681">
     <span class='ocr_line' id='line_1_31' title="bbox 169 2634 671 2681; baseline 0.002 -12"><span class='ocrx_word' id='word_1_270' title='bbox 169 2635 186 2654; x_wconf 82' lang='lat'>²</span> <span class='ocrx_word' id='word_1_271' title='bbox 210 2634 339 2670; x_wconf 83' lang='lat' dir='ltr'><strong>Annal.</strong></span> <span class='ocrx_word' id='word_1_272' title='bbox 357 2634 414 2670; x_wconf 82' lang='lat' dir='ltr'><strong>lib.</strong></span> <span class='ocrx_word' id='word_1_273' title='bbox 432 2636 510 2680; x_wconf 87' lang='lat'>111,</span> <span class='ocrx_word' id='word_1_274' title='bbox 527 2649 600 2681; x_wconf 89' lang='lat' dir='ltr'><strong>cap.</strong></span> <span class='ocrx_word' id='word_1_275' title='bbox 618 2637 671 2679; x_wconf 75' lang='lat'><strong>24.</strong></span> 
     </span>
    </p>
   </div>
   <div class='ocr_carea' id='block_1_10' title="bbox 128 2688 1567 2800">
    <p class='ocr_par' dir='ltr' id='par_1_12' title="bbox 128 2688 1567 2800">
     <span class='ocr_line' id='line_1_32' title="bbox 168 2688 1567 2744; baseline 0.002 -14"><span class='ocrx_word' id='word_1_276' title='bbox 168 2693 185 2723; x_wconf 69' lang='lat'>³</span> <span class='ocrx_word' id='word_1_277' title='bbox 208 2694 267 2731; x_wconf 83' lang='lat' dir='ltr'><strong>Sic</strong></span> <span class='ocrx_word' id='word_1_278' title='bbox 284 2703 321 2730; x_wconf 86' lang='lat' dir='ltr'><strong>et</strong></span> <span class='ocrx_word' id='word_1_279' title='bbox 338 2695 395 2731; x_wconf 83' lang='lat' dir='ltr'><strong>lib.</strong></span> <span class='ocrx_word' id='word_1_280' title='bbox 412 2695 468 2732; x_wconf 90' lang='lat'><strong>111</strong></span> <span class='ocrx_word' id='word_1_281' title='bbox 481 2721 491 2738; x_wconf 92' lang='lat'><strong><em>‚</em></strong></span> <span class='ocrx_word' id='word_1_282' title='bbox 510 2696 610 2743; x_wconf 84' lang='lat' dir='ltr'><strong>Eleg.</strong></span> <span class='ocrx_word' id='word_1_283' title='bbox 627 2708 658 2740; x_wconf 90' lang='lat'><strong>1,</strong></span> <span class='ocrx_word' id='word_1_284' title='bbox 680 2709 767 2731; x_wconf 88' lang='lat' dir='ltr'><strong>vers.</strong></span> <span class='ocrx_word' id='word_1_285' title='bbox 786 2698 900 2744; x_wconf 79' lang='lat'>49-52</span> <span class='ocrx_word' id='word_1_286' title='bbox 913 2723 923 2741; x_wconf 88' lang='lat'><em>‚</em></span> <span class='ocrx_word' id='word_1_287' title='bbox 941 2695 985 2731; x_wconf 83' lang='lat' dir='ltr'><strong>ad</strong></span> <span class='ocrx_word' id='word_1_288' title='bbox 1003 2688 1228 2742; x_wconf 75' lang='lat' dir='ltr'><strong>Augustum:</strong></span> <span class='ocrx_word' id='word_1_289' title='bbox 1245 2712 1263 2728; x_wconf 86' lang='lat'>«</span> <span class='ocrx_word' id='word_1_290' title='bbox 1284 2696 1407 2743; x_wconf 81' lang='lat' dir='ltr'><strong>Adjice</strong></span> <span class='ocrx_word' id='word_1_291' title='bbox 1424 2697 1567 2733; x_wconf 82' lang='lat' dir='ltr'><strong>servatis</strong></span> 
     </span>
     <span class='ocr_line' id='line_1_33' title="bbox 128 2752 1565 2800; baseline 0.002 -14"><span class='ocrx_word' id='word_1_292' title='bbox 128 2763 241 2787; x_wconf 82' lang='lat' dir='ltr'><strong>unum</strong></span> <span class='ocrx_word' id='word_1_293' title='bbox 257 2777 267 2795; x_wconf 85' lang='lat'>‚</span> <span class='ocrx_word' id='word_1_294' title='bbox 295 2759 396 2798; x_wconf 80' lang='lat' dir='ltr'><strong>pater</strong></span> <span class='ocrx_word' id='word_1_295' title='bbox 410 2753 542 2799; x_wconf 80' lang='lat' dir='ltr'><strong>optime</strong></span> <span class='ocrx_word' id='word_1_296' title='bbox 557 2779 566 2797; x_wconf 90' lang='lat'>,</span> <span class='ocrx_word' id='word_1_297' title='bbox 585 2757 689 2788; x_wconf 68' lang='lat' dir='ltr'><strong>civem</strong></span> <span class='ocrx_word' id='word_1_298' title='bbox 704 2760 769 2788; x_wconf 79' lang='lat' dir='ltr'><strong>etc.</strong></span> <span class='ocrx_word' id='word_1_299' title='bbox 788 2753 831 2788; x_wconf 90' lang='lat' dir='ltr'><strong>In</strong></span> <span class='ocrx_word' id='word_1_300' title='bbox 852 2766 923 2799; x_wconf 84' lang='lat' dir='ltr'><strong>quo</strong></span> <span class='ocrx_word' id='word_1_301' title='bbox 939 2767 1116 2798; x_wconf 80' lang='lat' dir='ltr'><strong>panarum</strong></span> <span class='ocrx_word' id='word_1_302' title='bbox 1129 2781 1139 2796; x_wconf 84' lang='lat'><em>,</em></span> <span class='ocrx_word' id='word_1_303' title='bbox 1167 2766 1252 2800; x_wconf 79' lang='lat' dir='ltr'><strong>quas</strong></span> <span class='ocrx_word' id='word_1_304' title='bbox 1268 2767 1304 2789; x_wconf 87' lang='lat' dir='ltr'><strong>se</strong></span> <span class='ocrx_word' id='word_1_305' title='bbox 1321 2754 1489 2789; x_wconf 77' lang='lat' dir='ltr'><strong>meruisse</strong></span> <span class='ocrx_word' id='word_1_306' title='bbox 1505 2752 1565 2789; x_wconf 79' lang='lat' dir='ltr'><strong>sa·-</strong></span> 
     </span>
    </p>
   </div>
  </div>
 </body>
</html>
