1794 3100
496 215 1182 262 ET'DEDICATIONES.
1471 217 1555 260 Lmss

346 310 416 346 Sex
431 322 496 356 ego
513 309 702 345 Fastorum
716 308 856 354 scripsi,
881 309 1098 355 totidemque
1112 307 1245 344 libellos
1259 334 1268 353 ‚

392 371 558 418 Cumque
572 384 636 407 suo
651 371 763 407 finem
778 383 898 408 mense
912 371 1047 407 libellus
1063 371 1189 407 habet:

350 432 464 479 quue
482 440 542 468 tuo
557 445 672 478 nuper
685 433 854 479 scripturn
868 432 933 468 sub
948 433 1094 468 nomine
1106 460 1115 477 ‚
1134 431 1253 468 Caesar
1263 457 1274 476 ,

394 493 442 529 Et
458 493 520 529 tibi
536 500 710 529 sacratum
725 506 799 528 sors
813 506 893 529 mea
908 494 1003 539 rupit
1017 484 1114 539 opus.

134 591 201 639 Ea
221 588 448 656 scripsisse
473 588 685 638 Ovidium
705 601 881 638 constat
900 608 1016 637 anno
1039 589 1185 655 primo
1202 589 1272 637 sui
1290 588 1431 638 exsilii
1449 609 1566 639 non-

123 670 243 721 xdum
266 670 451 738 impleto
466 709 479 731 ‚
502 683 555 720 ut
574 670 782 720 facillime
805 671 948 749 quivis
972 669 1163 734 diligens
1186 669 1326 720 lector
1347 671 1565 730 inveniet;

137 774 229 822 quo
255 766 453 822 tempore
470 753 582 802 nihil
606 753 694 803 nisi
714 753 860 802 flebile
884 775 908 803 a
932 773 978 804 se
997 754 1209 820 scriptum
1231 754 1394 804 fatetur
1420 773 1430 801 :
1459 768 1536 811 ut,

355 868 525 906 Carmina
540 869 666 915 scripta
684 869 770 904 mihi
786 877 869 905 sunt
884 870 978 905 nulla
990 896 999 913 ,
1016 876 1076 904 aut
1093 869 1207 916 qualia
1222 871 1335 906 cernis
1347 898 1356 914 ,

401 930 519 977 Digna
533 930 586 965 sui
603 929 739 965 domini
755 937 930 976 tempore,
948 929 1051 976 digna
1067 930 1154 966 loco.

142 1026 359 1076 Caeterum
379 1026 500 1074 Naso
520 1024 738 1089 relegatus
762 1026 810 1073 in
832 1026 1028 1074 Pontum
1047 1063 1058 1083 ‚
1091 1025 1314 1094 plerisque
1335 1027 1498 1076 additis
1522 1047 1575 1076 ac<

145 1109 326 1158 mutatis
341 1128 362 1167 ,’
376 1109 602 1176 inscripsit
618 1109 703 1157 hoc
727 1129 841 1176 opus
863 1128 954 1158 non
984 1110 1166 1159 Tiberio
1182 1148 1194 1168 ‚
1221 1122 1273 1159 ut
1294 1111 1575 1169 docebimus,

147 1192 223 1252 sed
251 1191 514 1240 Germanico
530 1229 542 1250 ‚
567 1192 705 1241 Drusi
728 1192 920 1260 privigni
940 1193 1135 1255 Augusti
1161 1192 1256 1242 filio
1272 1232 1284 1252 ,
1306 1207 1361 1242 ut
1391 1195 1483 1259 ejus
1507 1196 1579 1242 in-

147 1274 412 1324 tercessione
435 1273 672 1341 aliquando
705 1287 1047 1342 consequeretur
1073 1276 1243 1324 veniam
1275 1276 1343 1324 vel
1378 1278 1548 1327 reditus
1567 1317 1578 1336 ‚

148 1362 219 1412 vel
241 1361 382 1413 exsilii
403 1362 620 1421 mitioris;
661 1382 757 1430 quae
794 1383 895 1430 spes
929 1383 1027 1413 eum
1058 1365 1242 1415 fefellit:
1275 1386 1377 1415 nam
1415 1380 1466 1416 ut.
1488 1369 1583 1417 Au-

151 1457 332 1510 gustum
353 1445 666 1494 inexorabilem
692 1445 851 1495 habuit
865 1484 876 1504 ‚
910 1447 973 1495 ita
992 1458 1036 1496 et
1054 1460 1293 1515 postquam
1317 1449 1355 1497 is
1378 1449 1582 1498 humanis

150 1519 284 1578 rebu‘s
305 1527 511 1586 excessit,
537 1547 628 1577 non
654 1527 909 1577 dissimilem
932 1529 1161 1579 Tiberium
1185 1543 1342 1580 nactus
1368 1543 1447 1580 est.
1481 1534 1585 1580 Fuit

153 1623 299 1660 autem
330 1611 639 1670 Germanicus,
658 1613 784 1673 ugait
802 1613 1044 1662 Suetonius
1061 1652 1072 1673 ,
1094 1638 1116 1657 «
1134 1614 1310 1678 ingenio
1327 1615 1374 1663 in
1394 1628 1585 1682 utroque

156 1716 179 1737 ³»
206 1693 471 1761 eloquentiae
490 1694 789 1761 doctrinaeque
806 1713 965 1758 genere
984 1696 1269 1763 praecellenti‚
1288 1710 1333 1747 et
1347 1699 1457 1747 adeo
1475 1698 1586 1748 lenis

156 1798 180 1819 >³
207 1789 340 1844 atque
357 1776 568 1825 innoxius
582 1813 594 1834 ‚
621 1788 673 1824 ut
695 1777 790 1842 ejus
807 1777 1049 1827 virtutibus
1066 1791 1216 1828 motus
1233 1780 1465 1843 Augustus
1481 1820 1492 1839 ‚
1511 1781 1587 1830 diu

158 1881 181 1902 »
209 1870 439 1908 cunctatus
450 1858 608 1917 fuerit,
630 1878 685 1908 an
706 1879 806 1908 eum
824 1860 912 1909 sibi
930 1861 1091 1910 faceret
1109 1880 1405 1911 successorem
1419 1901 1430 1922 ,
1455 1883 1586 1930 quem

161 1963 183 1982 »
212 1941 386 1991 demum
407 1941 708 2008 adoptandum
730 1943 915 1991 Tiberio
939 1943 1071 1992 dedit.
1099 1967 1121 1986 υ

1001 2058 1062 2073 ww

205 2169 765 2244 BARTHOLOMAEI
800 2171 1116 2220 MERULAE
1150 2172 1550 2222 DEDICATIO

590 2297 710 2334 ANTE
732 2296 899 2334 ulmos
918 2298 1176 2345 Tms'rmM,

544 2424 734 2451 Guuznoso
757 2425 803 2450 Ac
827 2425 949 2452 nomo
972 2426 1222 2453 ADOLESCEN'H

746 2519 1018 2564 MARCO.

174 2646 191 2649 “’
235 2643 484 2692 POETICAM
508 2640 781 2699 facultatem,
818 2659 948 2707 quam
980 2641 1166 2707 primam
1191 2637 1422 2708 quamdam
1444 2645 1594 2711 philo-

170 2724 370 2791 sophiam
393 2718 526 2774 fuisse
546 2724 759 2786 legimus,
785 2734 888 2772 sunt
914 2722 990 2789 qui
1006 2723 1090 2772 hoc
1103 2735 1256 2774 nostro
1280 2744 1369 2774 aevo
1384 2738 1591 2794 tanquam
