1794 3100
538 224 668 268 PER
700 224 742 266 J.
780 222 1084 267 MAssoN.
1446 224 1525 283 173

106 317 298 367 mortuis
319 335 432 365 coss.
455 315 717 382 Lepidoque
741 334 842 363 cum
865 315 930 363 M.
958 313 1158 363 Antonio
1178 315 1332 380 juncto
1346 351 1357 372 ‚
1379 316 1532 381 (quod

107 407 160 443 IV
183 384 270 443 kal.
289 394 396 441 Jun.
422 392 635 455 contigit,
661 411 714 440 ex
735 393 856 440 Fam.
883 391 963 439 lib.
992 394 1036 440 X
1052 429 1064 450 ,
1089 393 1175 458 Ep.
1215 393 1395 452 XXIII),
1430 411 1530 440 eum

105 469 162 519 ad
185 469 252 518 M.
277 469 468 517 Brutum
490 487 535 516 se
565 467 860 517 conferentem
885 468 1040 516 Cicero
1066 467 1247 516 summis
1279 466 1407 516 effert
1436 466 1534 515 lau-

106 546 238 600 dibus
253 584 266 604 ,
290 564 388 613 quae
411 545 479 594 illi
501 565 593 594 non
613 546 881 594 conveniunt
913 545 1052 603 aetati,
1078 564 1132 593 ne
1157 545 1296 593 dicam
1318 544 1532 611 pueritiae.

105 625 150 674 Is
173 624 291 674 enim
308 662 320 683 ‚
361 623 439 672 lib.
464 624 520 673 ad
542 624 610 672 M.
635 625 852 682 Brutum,
878 623 1024 689 Epist.
1064 635 1145 671 XIX
1179 643 1188 670 :
1228 644 1250 664 «
1279 623 1419 679 Cave,
1443 622 1505 671 ait
1522 661 1534 680 ,

108 723 131 743 »
156 713 315 768 putes,
342 699 591 768 probitate,
618 699 864 749 constantia
880 737 892 757 ,
919 717 1043 756 cura,
1075 698 1224 747 studi0
1262 698 1370 764 reip.
1415 698 1539 765 quid-

111 800 136 821 »
165 797 297 845 quam
319 777 386 826 illi
407 797 501 828 esse
524 777 678 827 simile.
704 780 768 826 Ut
784 777 1036 844 eloquentia
1050 814 1062 835 ,
1086 795 1173 843 qua
1188 775 1450 825 mirabiliter
1468 795 1535 824 ex-

113 879 134 897 »
155 855 283 912 ,cellit
301 862 318 914 (
334 857 454 914 NB.)
469 893 480 912 ‚
505 855 578 904 vix
599 856 645 904 in
670 875 721 904 eo
746 854 891 904 locum
912 855 967 903 ad
994 853 1261 903 laudandum
1283 853 1445 902 habere
1467 852 1539 902 vi-

110 953 135 974 »
163 931 348 990 deatur3
374 951 627 999 quanquam
649 931 697 980 in
730 932 812 981 hac
835 932 932 998 ipsa
963 930 1175 998 sapientia
1197 928 1300 997 plus
1322 940 1506 996 apparet
1528 950 1538 978 :

112 1033 133 1053 »
159 1011 222 1060 ita
246 1011 366 1074 gravi
383 1011 571 1077 judicio,
590 1010 816 1077 multaque
835 1012 960 1075 (NB.
976 1013 996 1071 -)
1015 1021 1106 1058 arte
1124 1028 1170 1059 se
1189 1009 1383 1058 exercuit
1403 1009 1448 1057 in
1469 1027 1541 1057 ve-

112 1114 134 1132 »
160 1090 338 1139 rissimo
361 1108 519 1154 genere
544 1090 730 1138 dicendi.
755 1091 898 1138 Tanta
916 1101 1063 1138 autem
1081 1088 1299 1137 industria
1321 1100 1411 1145 est,
1438 1099 1538 1135 tan—

113 1192 136 1211 »
166 1181 354 1235 tumque
376 1168 556 1232 evigilat
571 1169 618 1215 in
635 1168 786 1216 studio
798 1207 809 1226 ‚
828 1180 880 1216 ut
894 1187 984 1215 non
1003 1167 1187 1216 maxima
1204 1166 1384 1229 ingenio
1397 1203 1408 1223 ‚
1424 1166 1542 1232 quod

115 1268 138 1288 »
164 1246 210 1294 in
233 1265 286 1294 eo
310 1264 530 1295 summum
562 1258 654 1303 est,
677 1246 816 1309 gratia
839 1245 1043 1294 habenda
1062 1246 1282 1301 videatur,
1305 1256 1386 1292 etc.
1414 1267 1435 1286 »
1460 1245 1544 1291 Ur-

113 1341 216 1388 gere
241 1343 420 1391 quoque
441 1342 673 1390 possemus
705 1342 802 1390 quae
831 1324 922 1371 Dio
939 1361 951 1381 ,
974 1323 1030 1371 ad
1053 1342 1123 1372 an.
1159 1325 1215 1371 U.
1255 1322 1306 1371 C.
1339 1333 1514 1370 DCCXIX
1531 1359 1544 1374 .

111 1411 260 1448 narrat
283 1399 336 1448 de
358 1400 495 1449 rebus
523 1398 643 1449 bello
680 1400 888 1449 adversus
926 1399 1148 1457 Salassos,
1189 1410 1271 1447 etc.
1303 1418 1327 1447 a
1353 1397 1544 1446 Messala

109 1477 318 1544 praeclare
341 1479 501 1543 gestis,
530 1491 575 1528 et
598 1479 761 1545 quibus
786 1479 1061 1545 triumphum
1084 1479 1265 1544 meruit3
1290 1478 1349 1525 ita
1381 1488 1425 1525 et
1448 1496 1545 1543 quae

110 1553 320 1604 Tibullus
335 1593 348 1614 ‚
374 1554 452 1604 lib.
479 1557 548 1614 ll,
573 1555 698 1618 Eleg.
726 1568 758 1602 V
773 1593 784 1613 ‚
811 1555 864 1604 de
888 1556 983 1620 ejus
1005 1555 1098 1604 filio
1129 1554 1373 1604 Messalino
1397 1553 1541 1611 canit;

112 1639 245 1698 atque
275 1632 406 1680 etiam
433 1651 528 1698 quae
552 1633 790 1681 Suetonius
820 1633 874 1681 de
897 1633 1080 1681 Tiberio
1107 1625 1264 1681 sci-ibit,
1281 1671 1293 1690 ,
1327 1652 1421 1698 cap.
1452 1650 1511 1698 70
1534 1653 1541 1678 :

116 1731 140 1751 «
166 1711 220 1757 In
237 1709 436 1758 oratione
447 1708 584 1758 latina
605 1721 784 1759 secutus
799 1723 866 1759 est
881 1711 1120 1759 Corvinum
1139 1711 1374 1761 Messalam
1386 1749 1398 1768 ,
1415 1730 1544 1777 quem

117 1807 141 1828 »τ
169 1798 325 1834 SENEM
351 1785 522 1852 (NB.)
547 1798 849 1835 ADOLESCENS
880 1787 1198 1836 observaverat.
1239 1810 1262 1830 »
1300 1788 1398 1836 Etsi
1433 1787 1545 1835 enim

114 1856 281 1913 Tiberii
317 1864 625 1913 adolescentiam
655 1865 708 1914 ad
745 1882 909 1913 annum
932 1884 1073 1931 usque
1101 1865 1240 1914 aetatis
1272 1878 1369 1914 XXV
1395 1878 1547 1914 exten-

119 1939 220 1989 dere
241 1939 469 1999 labuerit,
504 1959 628 1989 senex
661 1954 803 1989 tamen
826 1942 914 2006 jam
936 1941 1071 1989 suerit
1097 1941 1289 1991 Messala
1318 1960 1433 1989 anno
1465 1942 1550 1990 cir-

120 2017 229 2066 citer
250 2019 306 2065 U.
329 2018 378 2066 C.
399 2029 644 2066 Dccxxxvl
659 2056 670 2076 ‚
689 2038 780 2085 quo
797 2018 1006 2066 Tiberius
1023 2030 1106 2066 XVI
1125 2018 1363 2066 Novembr.
1385 2037 1550 2067 annum

122 2108 219 2144 xxv
241 2095 442 2144 absolvit.
465 2098 631 2147 Contra
652 2113 754 2144 vero
772 2097 808 2145 si
827 2096 1022 2144 rationes
1042 2097 1315 2163 Hieronymo
1336 2096 1466 2144 initas
1486 2115 1551 2144 se—

122 2193 380 2240 queremur,
408 2173 598 2222 Messala
627 2185 719 2222 tum
749 2185 846 2222 XLII
870 2185 1040 2222 tantum
1056 2193 1193 2222 annos
1212 2185 1343 2222 natus
1368 2174 1548 2228 fuisset,

120 2252 207 2302 hoc
230 2265 318 2312 est,
334 2253 493 2321 juvenis
516 2253 766 2301 adhucdum
788 2272 836 2301 ac
859 2251 990 2315 longe
1014 2253 1121 2301 satis
1145 2273 1168 2301 a
1191 2263 1387 2301 senectute
1408 2272 1549 2301 remo-

122 2342 208 2379 tus.
244 2331 305 2378 At
329 2330 559 2396 superiora
589 2341 657 2378 sat
690 2348 910 2395 superque
941 2331 1303 2397 supputationem
1335 2330 1555 2396 Hierony—

123 2408 313 2456 mianam
335 2407 600 2455 convellunt.

191 2485 244 2530 V.
273 2484 348 2535 An
371 2495 516 2533 autem
542 2482 735 2546 Scaliger
756 2501 901 2531 veram
923 2484 1083 2533 erroris
1108 2484 1439 2550 Hieronymiani
1463 2502 1559 2532 cau-

130 2579 222 2609 sam
240 2560 485 2626 aperuerit,
502 2561 640 2609 nolim
658 2560 882 2609 adfirmare
900 2573 977 2610 aut
992 2562 1272 2628 pertinaciter
1284 2580 1455 2625 negare.
1477 2565 1558 2610 At-

133 2650 277 2686 tamen
298 2675 310 2695 ,
342 2638 380 2685 si
414 2638 706 2704 conjecturam
743 2639 938 2704 proferre
973 2638 1040 2687 fas
1074 2639 1160 2696 sit,
1195 2639 1527 2688 existimaverim
1548 2678 1559 2698 ‚

127 2714 517 2766 hallucinationem
548 2735 599 2765 ex
633 2716 720 2765 alio
751 2717 872 2766 fonte
902 2718 1171 2784 provenisse.
1214 2718 1388 2768 Scilicet
1421 2739 1560 2785 quum
