1794 3100
266 236 345 278 188
709 239 759 280 P.
800 238 1034 284 OVIDII
1074 239 1241 283 VITA

257 347 357 376 rum
378 339 495 391 recte
521 329 731 378 Ovidium
757 331 1111 397 reprehendisse,
1136 331 1262 398 quasi
1285 351 1422 397 quum
1441 342 1571 398 poeta
1591 331 1681 389 ait,

259 407 441 472 Postque
459 427 566 455 meas
582 419 692 456 ortas
709 421 790 457 etc.
814 410 1061 459 Abstulerat
1077 410 1207 477 decies
1221 422 1302 458 etc.
1328 410 1561 459 dicendum
1578 409 1684 458 fuis-

260 496 345 540 set,
375 484 461 532 Ter
481 486 573 533 tulit
589 497 628 533 et
647 485 775 535 decies
793 499 874 535 etc.

325 562 393 608 Ex
415 562 618 627 superius
642 582 777 629 porro
800 563 1008 612 discussis
1030 575 1154 629 patet
1176 582 1354 630 quoque
1374 562 1568 612 Herculis
1586 561 1686 611 Cio-

244 637 350 700 fani
369 657 512 696 error,
540 659 675 705 quum
701 641 745 688 in
773 641 924 689 Ovidii
953 641 1054 689 Vita
1090 642 1151 689 sic
1175 642 1330 690 scribit
1357 661 1366 688 :
1399 663 1421 683 «
1454 639 1684 687 Profectus

266 737 289 757 »
318 727 463 764 autem
487 729 555 765 est
571 718 615 765 in
642 717 843 766 exsilium
861 731 913 766 IV
937 717 1042 766 Idus
1061 719 1320 767 Decembris
1335 756 1346 774 ,
1371 736 1533 766 annum
1552 735 1685 778 agens

268 814 289 833 »
317 805 363 848 L,
387 812 558 842 menses
580 807 671 851 VII,
694 794 787 843 dies
808 814 909 843 vero
937 808 1030 843 XXI.
1064 818 1086 838 »
1108 797 1283 843 Bonum
1298 796 1439 843 virum
1455 793 1608 842 calculi
1625 793 1686 841 fe-

263 868 482 917 fellerunt.
509 871 683 935 Etenim
710 891 846 937 quum
870 872 1080 929 fateatur,
1106 874 1326 920 Nasonem
1352 885 1414 921 XX
1440 871 1592 919 Martii
1617 889 1684 918 an.

265 947 319 992 U.
350 947 399 993 C.
434 960 573 995 DCCXI
611 961 762 996 natum
796 968 917 1005 esse;
952 950 1230 998 manifestum
1263 961 1361 1005 est,
1398 960 1489 995 VIII
1519 965 1690 1006 menses

265 1022 445 1090 diesque
476 1038 578 1081 XXI,
613 1026 668 1073 ab
690 1026 766 1073 illo
790 1027 942 1074 Martii
969 1027 1039 1074 die
1061 1027 1281 1075 numerari
1304 1026 1358 1074 ad
1382 1039 1432 1073 IV
1456 1025 1585 1080 Idus,
1614 1043 1690 1072 seu

270 1115 297 1147 X
324 1102 579 1149 Decembris
605 1103 732 1150 diem.
760 1103 929 1151 Deinde
953 1122 1103 1151 versus
1123 1122 1175 1151 ex
1192 1104 1326 1151 Trist.
1348 1101 1426 1149 lib.
1451 1103 1496 1163 I,
1515 1100 1584 1148 El.
1611 1113 1689 1158 Iv,

269 1177 462 1242 Tingitar
490 1177 656 1226 Oceano
679 1189 810 1227 castos
833 1191 912 1227 etc.
945 1179 1063 1245 (vid.
1090 1199 1186 1246 sup.
1213 1199 1255 1227 n.
1284 1181 1344 1241 2)
1376 1179 1554 1227 minime
1575 1197 1690 1244 pro-

266 1253 343 1302 bat
358 1293 370 1312 ,
399 1255 608 1303 Ovidium
626 1269 676 1303 IV
695 1256 801 1304 Idus
817 1257 1074 1304 Decembris
1090 1259 1230 1305 Roma
1247 1256 1508 1304 discessisse.
1527 1255 1688 1304 Aucto-

266 1331 395 1379 ritate
415 1333 591 1399 quidem
616 1332 752 1382 Cluvii
770 1354 818 1382 ac
836 1335 1013 1399 Bargaei
1024 1333 1163 1382 fultus
1180 1334 1239 1383 ad
1254 1351 1354 1382 eum
1375 1332 1520 1381 locum
1532 1343 1686 1388 notat,

267 1412 505 1459 Arcturum
547 1432 598 1460 eo
630 1412 700 1459 die
730 1412 932 1460 chronice
955 1412 1177 1461 occidisse.
1208 1414 1373 1459 Verum
1397 1423 1447 1459 ut
1471 1411 1563 1459 haec
1582 1430 1688 1459 con-

266 1485 503 1546 vellantur,
537 1501 694 1554 praeter
716 1508 762 1536 ea
794 1489 995 1556 superius
1020 1489 1100 1536 hac
1129 1488 1182 1535 de
1205 1507 1249 1535 re
1279 1487 1412 1535 nobis
1435 1486 1687 1542 observata,

268 1563 516 1613 addendum
542 1565 664 1632 quod
695 1566 881 1631 ipsemet
912 1564 1120 1614 Ciofanus
1155 1563 1386 1628 subjungit
1415 1583 1425 1610 :
1469 1585 1491 1603 «
1519 1560 1689 1609 Plinius

272 1663 294 1682 »
324 1653 494 1701 tamen,
511 1642 588 1691 lib.
610 1645 787 1701 XVIII,
809 1662 901 1709 cap.
921 1643 998 1698 31,
1018 1653 1103 1690 IV
1083 1644 1235 1690 Nonas
1248 1639 1513 1688 Novembris
1529 1640 1690 1687 Arctu-

272 1738 293 1758 »
321 1737 420 1764 rum
441 1719 609 1784 vesperi
636 1718 829 1767 occidere
854 1718 1066 1766 scribit.»

334 1796 387 1841 V.
418 1797 517 1843 Jam
547 1796 721 1844 demum
745 1815 826 1845 nos
849 1797 902 1844 ad
924 1796 1061 1844 exsilii
1083 1795 1291 1845 Ovidiani
1324 1811 1484 1841 causam
1509 1811 1692 1841 conver-

271 1884 429 1922 tamus.
458 1875 725 1942 Duplicem
713 1895 807 1942 lpse
829 1887 956 1941 poeta
987 1876 1149 1941 passim
1183 1873 1385 1921 indicat:
1411 1871 1615 1929 alteram,
1640 1889 1691 1918 ex

269 1952 380 2000 Arte
411 1954 634 2001 Amatoria
664 1953 906 2001 desumtam
921 1990 932 2009 ,
959 1964 1108 2018 aperte
1132 1951 1321 1999 declarat
1346 1970 1355 1997 :
1387 1949 1566 1997 alteram
1589 1967 1689 1996 vero

269 2030 435 2095 aperire
449 2030 623 2093 refugit.
651 2030 776 2078 Illam
800 2030 958 2096 saepius
974 2066 984 2086 ,
1007 2049 1055 2077 ac
1069 2027 1307 2095 praesertim
1327 2038 1426 2074 toto
1442 2025 1532 2074 fere
1552 2025 1687 2074 Trist.

267 2108 344 2156 lib.
380 2111 422 2157 II
443 2147 454 2163 ,
490 2109 545 2158 ad
577 2110 830 2172 Augustum
871 2107 1148 2175 apologetico
1168 2145 1179 2164 ,
1226 2106 1443 2155 vindicare
1476 2116 1690 2154 conatur:

270 2186 382 2235 hanc
406 2204 508 2233 vero
534 2185 636 2233 licet
657 2185 884 2233 nominare
914 2203 1004 2231 non
1040 2202 1172 2231 ausus
1209 2183 1289 2240 sit,
1313 2181 1457 2230 erroris
1481 2187 1491 2206 ¹
1523 2192 1691 2228 tantum

271 2263 403 2312 titulo
428 2263 518 2313 suis
546 2264 737 2330 imputat
759 2262 923 2319 oeulis,
947 2281 1039 2310 non
1061 2261 1222 2316 sceleri,
1251 2259 1373 2326 quod
1398 2269 1646 2307 constanter
1669 2277 1695 2305 a

271 2360 317 2390 se
340 2354 545 2390 removet.
575 2342 691 2389 Hinc
713 2341 827 2389 haud
854 2341 1011 2388 mirum
1027 2378 1039 2397 ,
1063 2339 1100 2388 si
1122 2339 1248 2387 variae
1266 2337 1429 2397 fuerim
1446 2335 1498 2383 de
1520 2335 1606 2383 hoc
1626 2353 1694 2383 er-

271 2438 359 2467 rore
381 2421 665 2485 conjecturae,
699 2419 933 2467 silentibus
965 2419 1095 2466 etiam
1116 2415 1337 2466 historicis
1367 2414 1694 2480 antiquioribus

269 2517 386 2545 nunc
407 2497 733 2563 superstitibus.
775 2496 1064 2562 Sequioribus
1086 2494 1262 2561 quidem
1291 2491 1448 2541 seculis
1471 2491 1696 2539 existima-

270 2585 399 2630 runt,
424 2575 638 2621 Nostrum
660 2575 830 2621 Tomos
852 2572 1036 2620 missum
1053 2609 1065 2629 ,
1092 2569 1212 2636 quod

314 2691 323 2709 ¹
350 2689 428 2723 Hac
442 2688 485 2722 de
504 2702 586 2724 voce
603 2688 681 2724 vide
698 2689 812 2724 Henr.
832 2687 998 2732 Stephan.
1018 2685 1221 2720 Commeat.
1241 2684 1284 2718 de
1302 2683 1433 2718 Gener.
1451 2682 1558 2727 Epist.
1578 2679 1693 2715 Cicer.

206 2789 211 2793 .
270 2758 346 2790 pag.
366 2758 413 2779 m.
437 2746 507 2788 142.
