1794 3100
272 232 349 291 ψ.
693 235 744 278 P.
781 235 1020 281 0V1D11
1057 238 1223 282 vrrA

264 345 365 375 cens
378 364 389 383 ,
412 326 496 375 sibi
513 328 681 377 nullam
699 349 796 378 cum
819 330 1028 393 Virgilio,
1045 332 1226 381 brevem
1242 351 1346 381 vero
1362 352 1460 382 cum
1478 334 1683 394 Tibullo,

264 404 497 453 amicitiam
521 404 654 454 fuisse
672 444 683 463 ,
705 425 814 455 vers.
841 407 989 455 51—53
1010 427 1020 455 ε

487 505 662 547 W'rgile‘um
677 503 747 538 vidi
769 511 905 539 tantum
922 518 931 540 :
949 518 1015 540 nec
1030 518 1129 540 avara
1151 507 1283 541 Tibullo

522 565 677 609 Tempus
693 569 849 600 amicitioe
862 566 929 601 sata
949 566 1076 601 dedere
1095 580 1193 602 meae.

478 625 657 659 Successor
671 624 740 659 fuit
756 625 812 661 hic
826 626 885 660 tibi
899 653 909 670 ,
934 629 1056 670 Galle,·
1075 630 1265 672 Propertius
1279 628 1338 663 illi.

263 702 438 750 Scilicet
449 701 708 752 si'Tihullus
723 723 950 753 successor
962 705 1078 752 Galli
1095 705 1199 762 fuit,
1215 705 1288 754 ille
1309 723 1414 768 ergo
1428 705 1682 772 aliquandiu

261 792 365 846 post
389 781 506 827 huuc
530 779 708 838 floruit,
735 793 777 829 et
800 801 913 830 nova
932 782 1119 830 carmina
1148 783 1335 849 scripsit.

326 859 387 904 II.
401 857 601 905 'Ovidius
623 877 759 924 porro
785 859 918 924 quum
936 858 1105 907 Tibulli
1124 871 1307 907 mortem
1324 859 1498 908 defleret
1510 897 1521 917 ,
1540 859 1623 925 jam
1638 878 1683 908 se

259 935 388 984 istius
415 936 492 984 aevi
507 936 639 1001 poetis
668 936 1007 995 adnumerabat,
1034 938 1185 985 Amor.
1214 937 1294 985 lib.
1332 940 1421 996 ΙΙΙ,
1444 937 1566 1002 Eleg.
1597 951 1647 986 IX
1668 974 1679 996 ,

261 1030 368 1061 vers.
404 1029 455 1078 17
479 1033 488 1060 :

478 1110 527 1144 At
541 1110 625 1144 sacri
642 1117 752 1151 vales,
772 1117 807 1145 et
823 1110 955 1146 Divum
972 1125 1054 1147 cura
1069 1126 1235 1148 vocamur.

523 1170 615 1205 Sunt
631 1171 736 1205 etiam
750 1197 759 1214 ,
778 1171 835 1216 qui
851 1185 913 1207 nos
930 1185 1064 1208 numen
1083 1172 1210 1208 habere
1227 1180 1351 1218 putent
1367 1187 1376 1214 ;

263 1247 425 1312 quibus
440 1248 754 1297 confirmantur
769 1249 971 1316 superius
985 1250 1189 1299 adnotata
1201 1251 1252 1299 de
1263 1249 1520 1316 juvenilium
1527 1250 1679 1299 Nostri

264 1326 505 1373 carminum
527 1337 735 1392 tempore.
1392 1337 1398 1340 “

321 1404 401 1451 ΙΙΙ.
426 1404 542 1451 Hinc
559 1404 843 1452 admonemur
858 1416 908 1452 ut
925 1404 976 1452 de
998 1403 1175 1452 illorum
1193 1404 1221 1457 ’ἱ
1232 1405 1439 1471 opinione
1463 1404 1678 1462 dicamus,

261 1480 336 1545 qui
359 1479 635 1535 existimant,
667 1481 873 1545 collegium
903 1492 1135 1546 poetarum
1169 1482 1323 1529 Romae
1356 1480 1490 1528 fuisse
1510 1518 1521 1537 ‚
1556 1479 1681 1545 cujus

259 1575 362 1622 pars
385 1556 574 1604 Ovidius
600 1555 744 1604 fuerit.
779 1558 918 1620 Quod
953 1558 1132 1605 omnino
1168 1557 1538 1606 certum‘minime
1571 1556 1681 1605 mihi

261 1632 429 1680 videtur
446 1651 493 1680 ex
511 1632 617 1680 locis
631 1633 675 1679 in
692 1633 938 1681 subsidium
953 1635 1134 1683 vocatis.
1148 1634 1350 1683 Valerius
1368 1651 1524 1700 nempe
1537 1635 1680 1682 Maxi·

260 1729 357 1759 mus
377 1717 393 1734 ²
410 1709 461 1757 de
485 1711 618 1759 Accio
636 1723 766 1776 poeta
793 1731 801 1758 :
831 1733 852 1753 «
876 1713 944 1767 Is,
973 1712 1059 1770 ait,
1082 1711 1203 1761 Julio
1226 1712 1386 1760 Caesari
1407 1710 1677 1777 amplissimo

267 1812 287 1829 υ
314 1799 357 1835 et
380 1787 691 1836 florentissimo
717 1789 811 1837 viro
831 1789 876 1836 in
901 1790 1106 1855 collegium
1119 1794 1329 1855 poetarum
1355 1788 1678 1836 venienti‘nun-

265 1888 285 1906 >³
317 1885 446 1930 quam
465 1866 729 1924 assurrexit,
756 1878 835 1914 etc.
867 1889 889 1910 2³
912 1867 1005 1930 Qui
1026 1866 1149 1915 locus
1173 1885 1311 1932 quum
1335 1864 1455 1914 solus
1472 1865 1516 1912 id
1540 1883 1678 1928 genus

260 1943 425 2009 collegio
445 1956 683 2000 memoret,
710 1954 1067 2011 eum'possumus
1094 1944 1300 1993 translate
1327 1954 1367 1991 et
1391 1942 1572 2005 figurate
1598 1942 1678 1990 ‘in-

260 2023 487 2088 terpretari
502 2061 513 2080 ,
535 2042 627 2070 non
651 2042 751 2070 vero
772 2023 951 2089 proprie
980 2022 1033 2069 d'e
1056 2022 1269 2069 sodalitate
1293 2023 1519 2087 poetarum
1552 2038 1650 2068 vera
1664 2058 1675 2079 ‚

261 2121 356 2167 quae
370 2100 543 2163 legi-bus
556 2138 567 2158 ,
583 2118 854 2166 numeroque
869 2101 1164 2148 membrorum
1186 2099 1509 2165 circumscripta
1528 2097 1672 2146 fuerit.

260 2182 409 2243 Quum
437 2180 551 2228 enim
572 2191 617 2227 et
637 2190 776 2244 poetae
809 2198 911 2226 suos
945 2190 1082 2226 coetus
1111 2178 1346 2234 haberent,
1384 2176 1460 2225 u‘b'i
1489 2176 1677 2224 carmina

260 2256 442 2303 invicem
464 2255 692 2303 recitarent
706 2291 717 2312 ,
739 2274 790 2302 eo
812 2254 960 2320 potuit
979 2253 1184 2303 Valerius
1199 2247 1436 2319 respicere,
1459 2251 1676 2317 siquidem

259 2333 408 2381 addit:
438 2355 459 2374 «
488 2333 773 2397 Quapropter
801 2331 1045 2379 insolentiae
1077 2332 1255 2386 crimine
1279 2331 1448 2387 'can-uit,
1475 2330 1576 2396 quia
1610 2330 1675 2378 ibi

262 2433 284 2453 »
312 2411 611 2467 voluminum,
631 2410 973 2471 nonimaginum
992 2410 1221 2458 certamina
1241 2409 1561 2457 exetcebantur.
1584 2410 1672 2456 Nec

259 2489 398 2550 magis
422 2489 647 2551 stringunt
669 2506 690 2534 e
717 2489 902 2535 Nasone
917 2487 1025 2535 loca.
1051 2490 1095 2535 Is
1119 2488 1257 2537 Trist.
1276 2487 1353 2537 lib.
1375 2490 1430 2547 V,
1442 2487 1575 2585 Eleg'.
1595 2498 1671 2548 m,

260 2583 396 2630 quum
419 2564 473 2611 ad
497 2564 718 2612 Bacchum
741 2563 922 2612 dixisset
943 2580 1050 2612 vers.
1083 2583 1136 2611 1:

302 2682 312 2700 ¹
339 2678 429 2712 Vide
445 2678 607 2713 Lomeier
620 2705 629 2722 ,
653 2678 695 2713 de
716 2678 880 2714 Biblioth.
894 2704 903 2722 ,
921 2692 997 2725 pag.
1013 2680 1074 2724 337
1087 2705 1097 2723 ,
1116 2686 1179 2714 etc.

299 2742 315 2760 ²
338 2740 411 2774 Lib.
429 2740 503 2783 III,
530 2753 601 2784 cap.
621 2753 635 2782 7
649 2765 658 2783 ‚
676 2752 710 2773 n.
733 2753 780 2773 ιι.
