1794 3100
210 227 295 282 248
609 224 959 269 HERCULIS
994 225 1291 269 CIOFANI

423 319 509 354 Mox
523 317 615 353 Italis
631 317 796 363 paulatim
814 317 942 352 adtrito
958 318 1100 352 nomine
1117 317 1265 353 Summo.

423 375 472 409 At
488 386 596 419 quum
613 372 797 408 barbaricis
814 373 966 408 Satricus
980 386 1059 408 cum
1078 386 1158 418 rege
1176 373 1321 407 catervis

425 429 621 471 Advectos,
638 440 707 473 quo
724 440 797 462 non
812 435 967 473 spretum
986 428 1033 471 (si
1051 435 1207 474 posceret
1223 427 1330 473 usus)

422 484 573 520 Nosrere
591 483 725 518 Getulis
742 484 852 518 Latias
871 483 1062 530 interprete
1082 497 1204 519 voces:

421 539 609 582 Postquam
625 550 723 583 posse
742 538 860 573 datum
882 538 1023 583 Peligna
1040 539 1189 573 revisere
1207 545 1298 573 tecta
1314 563 1324 581 ,

422 595 468 630 Et
483 595 634 640 patrium
646 607 783 640 sperare
804 595 913 630 larem
931 621 939 629 .
954 620 962 629 .
978 625 982 628 ,
1011 603 1045 630 et
1058 609 1128 641 quoe
1146 601 1333 641 sequuntur.

203 685 272 731 Ex
295 702 383 748 quo
406 681 653 746 colligimus
679 682 933 731 Sulmonem
960 683 1186 731 conditum
1221 684 1313 732 esse
1347 695 1446 731 ante
1469 683 1625 733 urbem

205 763 390 809 Romam
416 780 555 809 annos
577 761 747 809 circiter
770 773 895 810 0000.
930 762 1114 827 Accipio
1148 774 1293 810 autem
1317 763 1505 810 Romam
1538 761 1627 809 ori-

204 840 346 901 ginem
367 839 542 887 duxisse
559 858 582 886 a
598 838 801 903 Trojanis
813 877 823 893 ‚
835 850 885 886 ut
903 838 1066 887 indicat
1084 838 1337 897 Sallustius,
1354 858 1402 888 ac
1412 837 1619 886 nonnulli

205 913 278 961 alii
307 925 517 962 auctores.
546 915 747 962 SOLYMO
772 925 917 962 autem
943 911 1138 962 AENAEAS
1161 913 1294 962 filiam
1324 933 1503 963 uxorem
1530 925 1619 962 tra-

209 990 319 1037 didit
343 1010 352 1037 :
380 1002 571 1055 quatuor
598 991 713 1037 enim
739 990 873 1038 fuisse
902 991 1050 1038 AEneae
1073 989 1183 1038 filias
1208 989 1415 1052 legimus;
1441 990 1626 1056 primam

205 1068 252 1114 in
265 1067 471 1125 Thracia,
487 1066 666 1115 alteram
678 1067 724 1114 in
743 1066 1034 1133 Peloponesio
1045 1106 1056 1126 ,
1075 1067 1245 1115 tertiam
1256 1066 1301 1114 in
1316 1067 1454 1132 Epiro
1466 1079 1627 1134 nuptas

205 1145 408 1211 reliquit3
430 1156 628 1210 quartam
647 1164 748 1193 vero
766 1145 967 1212 Solymo,
988 1146 1064 1211 qui
1082 1164 1225 1194 secum
1246 1164 1267 1193 e
1282 1145 1412 1210 Troja
1427 1157 1624 1204 venerat,

209 1222 388 1269 tradidit
409 1242 417 1269 :
440 1222 578 1269 victor
594 1234 746 1288 postea
765 1223 811 1270 in
825 1223 954 1270 Latio
974 1222 1197 1288 Solymum
1217 1241 1315 1270 cum
1334 1234 1457 1289 parte
1476 1222 1625 1289 copia-

205 1317 302 1346 rum
332 1298 384 1345 ad
422 1299 595 1346 Marsos
625 1298 769 1357 misit,
796 1296 879 1365 ²qui
909 1299 1063 1347 urbem
1097 1299 1143 1346 in
1180 1298 1372 1361 Pelignis
1408 1298 1621 1347 fundavit.

207 1377 357 1422 Unum
371 1393 419 1422 ex
432 1374 799 1440 splendidissimis
812 1375 946 1424 Italiae
959 1375 1208 1442 municipiis
1217 1375 1314 1433 fuit,
1325 1387 1431 1424 utex
1440 1377 1490 1423 L.
1504 1375 1626 1423 Flori

206 1453 351 1501 verbis
364 1490 374 1509 ,
401 1472 495 1518 quae
513 1454 623 1500 infra
641 1473 821 1519 ponam,
843 1454 1071 1524 perspicue
1088 1454 1280 1520 adparet.
1302 1454 1367 1502 De
1387 1453 1623 1512 Sulmone,

209 1530 260 1577 de
283 1531 376 1594 ejus
399 1530 486 1578 situ
501 1567 512 1588 ‚
539 1549 667 1596 quem
687 1550 804 1578 nunc
828 1550 1003 1597 quoque
1023 1531 1151 1597 plane
1171 1531 1324 1589 refert,
1347 1531 1487 1598 deque
1510 1550 1628 1593 cam—

207 1624 366 1671 porum
389 1618 543 1654 natura
561 1643 572 1663 ‚
598 1625 646 1653 ac
668 1606 890 1654 fertilitate
909 1607 969 1654 ita
990 1609 1176 1666 Noster,
1199 1608 1299 1656 Am.
1324 1609 1394 1665 II,
1421 1619 1534 1664 XVI,
1565 1623 1583 1653 1
1609 1625 1619 1653 :

425 1711 488 1746 Me
508 1724 585 1755 pars
603 1711 727 1745 Sulmo
747 1719 843 1746 tenet
862 1711 998 1757 Peligni
1016 1711 1117 1746 tertia
1132 1711 1220 1747 ruris
1233 1739 1242 1757 ‚

465 1766 576 1799 Parva
589 1791 598 1808 ,
622 1765 681 1799 sed
701 1765 836 1810 irriguis
854 1778 914 1800 ora
932 1760 1076 1800 salubris
1091 1766 1197 1810 aquis.

422 1818 483 1854 Sol
503 1818 582 1853 licet
598 1819 918 1853 admototellurem
934 1818 1047 1853 sidere
1066 1819 1199 1862 findat,

468 1874 516 1908 Et
531 1874 637 1909 micet
653 1874 753 1909 Icarii
770 1874 865 1908 stella
883 1880 1045 1918 proterva
1061 1874 1177 1915 canis;

426 1928 521 1962 Arva
536 1937 762 1973 pererrantur
779 1928 921 1973 Peligna
938 1928 1149 1972 liquentibus
1165 1927 1288 1971 undis,

437 1988 440 1990 ’
470 1984 517 2018 Et
535 1985 622 2019 viret
638 1984 673 2018 in
692 1991 815 2018 tenero
830 1983 949 2018 fertilis
965 1984 1074 2018 herba
1092 1984 1177 2018 solo.

428 2040 539 2073 Terra
555 2039 651 2073 ferax
673 2039 812 2074 Cereris
823 2065 832 2082 ,
851 2040 1030 2083 multoque
1046 2040 1195 2074 feracior
1212 2039 1286 2074 uvis
1301 2065 1311 2083 ,

468 2095 540 2129 Dat
556 2108 694 2140 quoque
711 2095 916 2130 bacciferam
933 2096 1073 2130 Pallada
1087 2109 1184 2131 rarus
1207 2109 1298 2142 ager.
1349 2114 1359 2121 ὴ

425 2151 563 2195 Perque
585 2159 805 2196 resurgentes
826 2152 906 2185 rivis
922 2151 1115 2186 labentibus
1131 2152 1253 2187 herbas

471 2207 682 2242 Gramineus
699 2208 875 2242 madidam
890 2221 1007 2254 cespes
1022 2209 1207 2243 obumbrat
1227 2209 1387 2243 humum.

210 2287 388 2340 Positus
408 2303 474 2340 est
496 2292 647 2340 Sulmo
666 2293 711 2339 in
731 2293 874 2340 medio
899 2292 986 2341 fere
1005 2292 1203 2359 planitiei
1222 2306 1289 2341 XII
1306 2292 1477 2341 milliar.
1499 2311 1631 2340 mon-

209 2367 330 2415 tibus
350 2368 638 2425 circumdatae,
655 2387 750 2433 quae
764 2367 925 2415 alicubi
941 2368 996 2414 ad
1011 2369 1118 2425 tria,
1137 2368 1297 2416 alicubi
1315 2387 1417 2416 vero
1432 2367 1484 2416 ad
1503 2369 1630 2433 quin-

212 2462 296 2510 que
321 2444 453 2491 millia
475 2434 684 2510 passuum
708 2445 755 2492 in
774 2444 1049 2493 latitudinem
1068 2445 1337 2501 extenditur3
1367 2456 1497 2510 atque
1516 2444 1631 2492 inter

211 2521 324 2569 duos
348 2541 520 2579 amnes,
558 2541 744 2588 quorum
770 2522 902 2579 alter,
930 2541 1058 2588 quem
1092 2534 1255 2570 veteres
1284 2521 1486 2587 Giptium
1515 2519 1627 2586 (qui

211 2615 260 2646 ex
283 2598 438 2645 Aufeia
459 2617 570 2664 aqua
585 2636 596 2657 ‚
621 2618 716 2664 quae
738 2610 888 2664 postea
909 2599 1069 2646 Martia
1084 2598 1199 2645 dicta
1215 2609 1302 2655 est,
1330 2599 1528 2657 emanat)
1549 2615 1626 2643 vo-

165 2718 170 2722 ,
211 2693 327 2723 casse
344 2712 355 2733 ‚
380 2674 509 2722 multi
534 2675 731 2733 tradunt,
755 2675 810 2721 ab
836 2675 1070 2740 Apennino
1093 2675 1248 2739 (cujus
1267 2694 1385 2740 pars,
1411 2674 1624 2741 quadrato
