1794 3100
234 271 314 327 148
659 275 710 315 Ρ.
755 273 992 318 oV1D11
1027 274 1204 318 VITA

258 355 260 357 ,
288 367 348 414 ΙΙ.
374 366 504 414 Haud
523 365 654 428 longe
674 366 729 413 ab
745 365 830 414 hoc
850 377 1046 434 tempore
1065 387 1292 416 censemus
1313 369 1522 418 Ovidium
1541 389 1655 419 suos·

226 445 432 493 Amorum
463 443 587 491 libros
621 442 812 508 primum
837 443 882 490 in
916 443 1080 502 lucem,
1120 444 1315 511 quinque
1350 446 1654 495 voluminibus

224 522 480 578 distinctos,
517 520 778 586 protulisse;
806 540 942 587 quum
967 521 1174 588 pleraque
1194 542 1345 572 eorum
1369 525 1556 573 carmina
1581 525 1647 572 vi-

222 602 406 649 deantur
427 599 481 648 ad
502 611 641 665 poetae
665 599 806 647 nostri
820 600 1022 666 juvenilia
1044 606 1054 625 ¹
1083 620 1175 649 esse
1199 602 1422 651 referenda
1438 640 1450 660 ‚
1472 603 1646 670 sintque

220 676 433 726 nonnulla
455 676 619 724 ibidem
635 715 645 734 ‚
682 676 955 742 superiorum
979 697 1192 726 annorum
1219 679 1414 737 criteria‚
1441 699 1536 746 quae
1556 680 1644 746 iam

221 756 522 804 indicavimus.
549 755 626 802 Bis
651 766 794 803 autern
816 754 949 803 hosce
972 755 1112 804 libros
1131 757 1187 804 ab
1210 770 1387 805 auctore
1403 758 1538 807 fuisse
1556 758 1647 806 edi-

224 844 317 889 tos,
344 832 529 898 ipsemet
554 831 692 896 aperit
711 830 927 896 prooemio
951 830 1054 879 libri
1073 833 1124 879 I:

444 929 518 975 Qui
537 929 643 963 modo
659 929 806 964 Nasonis
823 928 1001 964 fueramus
1017 934 1158 975 quinque
1171 935 1301 972 libelli,

485 991 566 1025 Tres
584 1003 704 1025 sumus
720 1002 728 1023 :
746 990 811 1024 hoc
826 990 872 1024 illi
889 991 1039 1035 praetulit
1056 999 1176 1029 auctor
1191 1006 1278 1038 opus
1294 1007 1302 1034 ;

217 1072 309 1118 Nec
327 1069 450 1135 prior
471 1079 642 1116 tantum
666 1068 802 1116 editio
819 1106 830 1126 ,
855 1068 931 1116 sed
953 1080 996 1116 et
1015 1070 1238 1135 posterior
1250 1071 1472 1137 praecessit
1493 1073 1642 1121 Artem

215 1146 391 1195 amandi
405 1186 416 1202 ‚
452 1165 582 1213 quam
603 1145 723 1194 haud
745 1150 845 1194 ante
867 1165 1031 1194 annum
1051 1149 1105 1194 U.
1132 1148 1180 1195 C.
1206 1160 1365 1196 DCCLII
1381 1186 1393 1205 ‚
1424 1148 1643 1215 prodiisse

216 1222 425 1288 deinceps
459 1222 514 1270 ad
547 1241 645 1270 eum
671 1241 835 1269 annum
864 1222 1168 1288 probabimus.
1207 1224 1259 1271 Id
1282 1236 1426 1272 autem
1455 1223 1644 1272 disertus

211 1299 347 1364 hujus
363 1299 511 1365 operis
529 1297 652 1347 locus
673 1299 963 1356 demonstrat;
986 1298 1149 1348 scilicet
1164 1301 1260 1348 Art.
1279 1301 1425 1349 Amat.
1445 1300 1523 1348 lib.
1545 1302 1611 1348 III
1625 1338 1638 1358 ‚

212 1377 295 1424 ubi
313 1396 449 1443 quum
474 1375 527 1424 de
549 1388 870 1424 antecessorum
890 1376 959 1424 sui
975 1388 1202 1442 poetarum
1224 1378 1493 1427 carminibus
1513 1377 1642 1426 dixis·

218 1466 308 1512 set,
333 1454 387 1502 de
411 1453 501 1502 suis
523 1452 690 1500 addita
713 1472 820 1500 vers.
849 1452 943 1518 339
960 1459 977 1477 ²
1001 1473 1010 1499 :
1514 1454 1517 1457 ’

432 1551 593 1586 Forsitan
611 1557 646 1586 et
661 1558 809 1585 nostrum
822 1564 938 1585 nomen
955 1551 1156 1586 miscebitur
1173 1552 1243 1586 istis
1257 1565 1265 1586 z

479 1613 554 1648 Nec
571 1626 644 1647 mea
659 1611 807 1647 Lethaeis
825 1616 951 1656 scripta
971 1612 1147 1647 dabuntur
1162 1613 1267 1658 aquis.

434 1674 552 1718 Atque
570 1672 690 1717 aliquis
706 1672 796 1707 dicet
811 1686 820 1715 ;
839 1672 956 1707 Nostri
976 1672 1050 1718 lege
1068 1673 1158 1707 culta
1174 1674 1327 1719 magistri

480 1733 648 1769 Carmina
661 1760 671 1777 ‚
688 1733 783 1779 queis
804 1740 915 1778 partes
935 1734 1074 1768 instruit
1093 1734 1148 1769 ille
1167 1735 1252 1769 duas
1266 1734 1289 1769 ³.

432 1794 531 1830 Deve
547 1798 651 1829 tribus
667 1797 764 1829 libris
776 1821 784 1835 ‚
809 1794 928 1829 titulus
947 1807 1032 1839 quos
1048 1795 1159 1839 signat
1176 1795 1354 1830 AMORUM
1370 1822 1378 1839 ,

479 1855 577 1901 Elige
593 1881 602 1899 ,
621 1854 714 1900 quod
732 1854 834 1888 docili
852 1854 1003 1889 molliter
1023 1867 1083 1889 ore
1101 1854 1202 1900 legas.

219 1934 478 1984 Recensitos
496 1946 640 1982 tamen
654 1935 860 1982 Amorum
879 1932 1020 1980 libros
1037 1933 1196 1980 iterum
1216 1932 1357 1981 editos
1374 1945 1464 1982 tum
1484 1935 1637 1994 fuisse,

219 2031 355 2078 quum
378 2011 464 2075 jam
490 2010 682 2059 Ovidius
704 2011 859 2058 Artem
887 2009 1147 2057 Amatoriam
1171 2009 1255 2057 sibi
1280 1998 1638 2060 conscribendam

219 2086 505 2153 suscepisset,
530 2085 648 2133 haud
665 2085 849 2133 obscure
865 2084 1026 2132 indicat
1045 2084 1195 2132 Amor.
1216 2084 1293 2132 lib.
1314 2087 1357 2132 II
1372 2123 1384 2143 ‚
1404 2085 1473 2134 El.
1494 2099 1636 2145 xvm,

218 2183 325 2213 vers.
362 2180 416 2228 19
441 2173 484 2210 et
506 2179 567 2208 20
588 2181 598 2208 ε

440 2260 548 2306 Quod
566 2260 644 2295 licet
658 2286 667 2303 ,
687 2267 746 2294 aut
762 2261 890 2295 ARTES
906 2261 1018 2294 teneri
1035 2260 1242 2305 profitemur
1259 2260 1431 2295 AMORIS:

476 2321 548 2355 Hei
563 2320 648 2356 mihi
664 2330 875 2355 PRAECEP‘ns
892 2326 1042 2365 torqueor
1055 2323 1128 2365 ipsc
1143 2330 1232 2355 mnis
1249 2320 1255 2354 ἔ

261 2434 271 2452 ¹
298 2431 387 2464 Fast.
404 2429 461 2464 lib.
478 2428 513 2463 II
526 2455 535 2472 ,
549 2439 637 2463 vers.
652 2430 670 2462 5
684 2453 693 2471 ‚
719 2427 761 2461 ad
774 2426 898 2472 Elegos
910 2439 921 2468 ¹:
939 2441 956 2456 «ι
974 2428 1050 2474 Ipse
1069 2439 1133 2473 ego
1149 2439 1208 2461 vos
1226 2425 1329 2461 habui
1346 2425 1458 2462 faciles
1470 2427 1506 2461 in
1519 2439 1635 2463 amore

220 2486 397 2521 ministros
409 2511 419 2528 ‚
439 2484 564 2529 Quum
580 2483 659 2518 lusit
676 2483 831 2517 numeris
847 2492 968 2516 PR1MA
984 2491 1157 2516 JUVENTA
1172 2482 1250 2516 suis.
1274 2497 1290 2511 «
1314 2481 1388 2516 Lib.
1403 2482 1471 2526 IV,
1485 2497 1570 2519 vers.
1593 2498 1614 2532 9
1626 2497 1644 2533 ι,

219 2557 235 2572 «
257 2542 349 2586 Quae
367 2540 481 2574 decuit
496 2550 627 2574 PRIMls
643 2538 716 2572 sine
733 2538 878 2572 crimine
898 2537 1040 2572 lusimus
1058 2547 1177 2578 ANNIS.
1192 2554 1208 2568 »

259 2598 274 2617 ²
298 2597 415 2629 Versu
432 2608 569 2640 quoque
590 2595 653 2629 538
671 2594 711 2628 ad
731 2607 789 2629 eos
808 2594 982 2628 Amorum
1000 2593 1123 2638 libros,
1143 2594 1265 2639 quibus
1280 2607 1376 2629 suam
1394 2595 1541 2641 maxime
1563 2598 1634 2631 Co·-

215 2655 346 2687 rinnam
362 2650 534 2694 celebrat,
557 2650 690 2695 liquido
716 2657 846 2696 spectat
867 2663 874 2684 :
898 2663 914 2679 «
941 2650 987 2684 Et
1012 2649 1134 2693 multi,
1163 2661 1240 2694 quae
1257 2649 1302 2684 sit
1325 2658 1440 2686 nostra
1466 2653 1627 2692 Corinna,

214 2714 348 2752 rogant.
369 2721 386 2737 »

257 2762 271 2782 ³
296 2763 391 2807 Ipsos
410 2762 503 2797 Artis
524 2761 713 2795 Amatoriae
730 2762 833 2797 libros
853 2761 1023 2806 intelligit.
