1794 3100
421 233 514 280 DE
543 234 598 278 P.
634 231 899 277 OVIDIO
929 228 1232 275 NASONE.
1458 226 1544 271 365

113 329 242 376 claris
259 329 376 373 notis
389 329 477 372 suis
494 328 595 372 Nic.
615 327 843 372 Heinsius.
863 326 969 380 Ejus
986 325 1260 368 mentionem
1281 321 1387 364 facit
1405 329 1449 364 et
1463 322 1554 366 Vo-

112 403 358 449 laten-anus
372 399 790 447 Comment.Urban
798 434 807 443 .
821 399 974 444 XVII.
992 398 1179 458 Scripsit
1188 403 1401 457 praeterea
1413 395 1459 437 in
1470 394 1556 438 hoc

113 464 225 538 onus
233 474 556 520 commentaria
566 472 931 520 Jac.Pontanus,
949 472 1169 531 Antverp.
1197 468 1325 512 1618.
1339 465 1442 510 in-f.
1457 474 1554 509 tum

113 549 272 594 brevia
283 555 329 592 et
346 555 447 608 apta
466 544 687 590 tironibus
699 544 865 588 scholia
888 544 932 588 T
929 543 1044 586 hom.
1059 544 1108 587 F
1105 540 1342 590 arnabius,
1364 538 1554 583 Amstel.

123 621 237 667 1630
250 655 263 676 ‚
297 620 434 682 1639,
473 617 613 679 1649,
635 620 785 661 in-12.
812 625 863 660 ut
876 615 1068 660 Minellti
1083 614 1246 658 similes
1265 621 1388 657 notas
1407 614 1559 674 pueris

116 694 300 754 scriptas
318 693 590 736 omittamus.
615 691 834 750 Excerpta
859 704 910 732 ex
930 683 1374 746 Metamorphosibus
1393 685 1561 728 Fastis-

115 780 205 828 que
227 764 405 819 Ovidii,
428 780 529 808 cum
549 763 666 806 notis
701 762 860 806 Thom.
886 760 1136 813 Johmoui,
1163 757 1375 818 prodiere
1407 754 1553 802 Lond.

123 837 254 901 1714.
286 835 527 882 Laudanda
554 837 687 879 etiam
713 836 912 895 Pompeii
938 831 1200 893 Pasqualini
1229 828 1475 882 industria,
1511 829 1558 871 in

115 913 379 957 concinnato
406 908 556 954 indice
580 909 781 953 omnium
798 906 1125 952 ,vocabulorum
1146 905 1193 947 in
1217 903 1558 962 Metamorpho-

116 984 239 1028 sibus
253 982 431 1037 ovidii,
454 983 584 1027 Rom.
610 979 748 1036 1614,
770 981 904 1024 in-80.
927 981 1201 1039 Argumenta
1222 977 1394 1037 antiqui
1420 991 1562 1036 gram·

117 1057 294 1111 mantici,
332 1056 557 1100 Lactantii
584 1052 762 1098 Placidi
783 1054 963 1096 nomine
980 1085 991 1106 ‚
1021 1057 1259 1094 occurrunt
1285 1050 1332 1092 in
1363 1047 1563 1093 editione

119 1127 295 1172 Veneta
316 1143 388 1170 an.
422 1126 532 1169 1553
544 1160 557 1182 ‚
594 1126 728 1169 in-80.
767 1123 971 1184 aliisque.
1007 1122 1195 1166 Donato
1228 1119 1491 1163 tribuuntur
1517 1121 1564 1162 in

121 1200 231 1245 edit.
254 1199 534 1253 Coloniensi,
561 1207 606 1242 et
623 1199 721 1243 Nic.
748 1197 958 1242 Heinsius
985 1202 1170 1238 testatus
1191 1201 1279 1247 est,
1303 1209 1350 1236 se
1370 1194 1416 1236 in
1437 1192 1559 1237 Bib‘l.

119 1273 415 1319 Lam-entiam
433 1271 594 1315 vidisse
623 1270 726 1314 MS.
752 1270 1058 1321 chartaceum,
1092 1269 1216 1323 cujus
1233 1266 1390 1310 titulus
1412 1274 1525 1310 esset
1550 1285 1559 1310 ε

120 1346 299 1391 Donati
307 1342 577 1387 abbreviatio
573 1341 842 1401 fabularum
862 1340 1022 1386 Ovidii.
1036 1339 1172 1384 Forte
1183 1339 1343 1383 referri
1359 1337 1495 1383 debet
1507 1337 1564 1382 ad

126 1417 349 1464 Tiberium
360 1418 615 1466 Donatum,
645 1433 669 1458 a
686 1430 773 1475 quo
787 1415 987 1458 Maronis
999 1412 1270 1474 descriptam
1278 1414 1418 1456 vitam
1427 1412 1564 1458 hahe-

119 1507 234 1535 mus.
260 1488 543 1535 Prodierunt,
556 1489 692 1533 etiam
706 1489 971 1549 separatim,
994 1488 1192 1548 primum
1208 1487 1396 1531 Viennae
1424 1487 1559 1540 1513,

121 1562 258 1620 in-40.
285 1561 447 1606 edente
466 1561 494 1605 J
498 1561 624 1605 oach.
652 1559 857 1605 Vadiano
875 1593 890 1615 ,
918 1559 1001 1603 sub
1022 1557 1155 1603 titulo
1181 1576 1191 1603 :
1211 1560 1415 1608 Donati,
1440 1560 1558 1614 sive,

58 1642 62 1645 ’
122 1644 176 1681 ut
191 1634 268 1679 alii
278 1634 450 1690 volunt,
469 1635 706 1688 Lactantii‚
730 1640 987 1693 argumenta
1004 1632 1334 1693 compendiaria
1353 1632 1399 1674 in
1413 1630 1565 1675 Fabu-

121 1707 185 1753 las
200 1709 395 1770 potiores
413 1706 647 1751 Ovidianae
666 1706 1094 1766 Metamorphoseos.
1115 1707 1217 1766 Ipse
1234 1704 1463 1750 Vadianus
1479 1721 1562 1748 nec

121 1782 289 1826 Donati
309 1797 394 1824 nec
410 1781 632 1824 Lactantii
650 1796 741 1823 esse
762 1779 966 1840 putabat.
991 1780 1046 1823 In
1066 1777 1161 1821 aliis
1185 1777 1460 1822 editionibus
1475 1812 1487 1831 ,
1513 1785 1565 1820 ut

121 1853 267 1914 Lugd.
300 1854 438 1907 1510,
462 1853 539 1898 fol.
566 1869 665 1897 cum
691 1854 816 1896 Petri
847 1853 1004 1896 Lavini
1019 1853 1142 1896 ,notis
1167 1859 1212 1895 et
1232 1850 1376 1912 Raph.
1402 1851 1560 1911 Regii,

124 1933 171 1969 et
187 1925 319 1970 Basil.
350 1924 485 1981 1543,
520 1941 624 1968 cum
650 1923 854 1981 ejusdem
882 1924 1009 1984 Regii
1031 1931 1076 1967 et
1095 1924 1190 1967 Jac.
1219 1921 1398 1983 Micylli
1417 1923 1560 1976 notis,

123 1998 351 2043 habentur
370 1998 457 2042 sub
478 1999 660 2042 nomine
682 1998 908 2042 Lactantii
926 1996 1115 2042 Placidi.
1140 1998 1196 2042 In
1214 1996 1408 2057 antiquis
1427 1994 1565 2040 Codi-

126 2071 252 2116 cibus
275 2072 587 2132 manuscriptis
622 2079 667 2115 et
696 2070 896 2115 editione
925 2070 1100 2115 Veneta
1123 2071 1228 2112 anni
1265 2068 1402 2124 1486,
1434 2083 1564 2128 argu-

124 2151 276 2188 menta
300 2143 410 2187 libri
434 2145 521 2190 XV
545 2143 872 2188 desiderantur.
904 2144 1096 2187 Joannes
1123 2144 1274 2202 itaque
1302 2128 1533 2184 Raenerius
1546 2175 1559 2194 ,

123 2218 193 2260 uti
209 2216 351 2262 multa
367 2218 450 2261 alia
464 2216 639 2261 addidit
651 2251 664 2271 ,
687 2219 747 2260 ita
758 2217 866 2260 libri
887 2216 975 2260 XV
989 2223 1250 2276 argumenta
1266 2214 1493 2275 supplevit
1513 2229 1564 2257 ex

124 2290 255 2351 Regii
267 2292 595 2334 commentariis
616 2305 730 2350 :quo
744 2291 925 2332 nomine
942 2288 1147 2333 laudatur
1162 2306 1186 2332 a
1200 2289 1382 2333 Barthio
1394 2322 1407 2343 ‚
1425 2289 1557 2341 VIII,

132 2379 184 2424 ¹7
198 2396 212 2418 ,
236 2362 426 2408 Advers.
443 2397 456 2418 ‚
484 2365 588 2424 quia
608 2362 818 2424 putabat,
853 2363 1043 2423 Regium
1065 2379 1141 2406 sua
1169 2379 1220 2406 ex
1242 2361 1559 2422 integrioribus

126 2437 298 2481 Lutatii
337 2435 663 2497 exemplaribus
696 2437 906 2480 hausisse.
946 2435 1037 2481 Sed
1069 2436 1228 2482 Victor
1264 2434 1487 2480 Giselinus
1520 2442 1565 2478 et

126 2509 295 2553 Thom.
327 2508 575 2554 Munkerus
598 2510 851 2554 Raenerium
876 2508 1243 2571 reprehendunt,
1274 2506 1399 2568 quod
1423 2506 1565 2551 aliena

126 2584 374 2628 Lutatianis
395 2582 694 2628 admiscuerit.
719 2582 812 2629 Sed
829 2583 905 2627 illa
926 2592 1181 2645 argumenta
1206 2584 1497 2644 reperiuntur
1520 2589 1566 2625 et

127 2657 177 2699 in
208 2655 406 2701 editione
439 2659 668 2701 Parmensi
711 2656 848 2713 1480,
886 2656 1009 2701 unde
1043 2657 1205 2717 Regius
1233 2657 1402 2700 sumsit.
1437 2653 1563 2698 Idem

129 2729 399 2787 Munkerus,
417 2729 585 2776 collatis
598 2730 893 2785 Giseliniana,
916 2731 1129 2790 Hervagii
1139 2763 1153 2785 ,
1173 2730 1562 2782 Birkmannorum,
