1794 3100
276 264 337 309 66
621 284 624 285 ⁷
795 263 1156 309 EXCURSUS

270 360 372 407 Una
394 369 539 406 tamen
561 369 626 406 est
650 377 745 424 quae
776 358 831 406 ad
861 359 1087 425 Hyginum
1110 358 1271 424 scripta
1300 357 1498 415 videtur,
1523 376 1679 424 nempe
1746 388 1751 395 ·

272 435 424 494 tertia,
455 435 505 482 de
526 434 685 490 Ponte,
721 434 796 482 lib.
821 435 906 482 IV:
930 435 1115 483 amicum
1139 434 1254 483 enim
1285 433 1513 499 quemdam
1537 445 1677 491 taxat,

271 524 314 561 et
335 532 435 561 enm
459 524 563 560 nota
587 511 774 560 levitatis
797 512 958 570 inurit,
997 511 1142 578 quod,
1168 529 1306 578 quum
1330 529 1355 558 a
1375 509 1534 559 teneris
1554 510 1679 563 annis

268 608 415 638 secum
443 589 685 637 arctissimo
722 588 1055 637 necessitudinis
1093 586 1270 636 vinculo
1308 587 1487 652 junctus
1518 586 1679 646 fuerit,

266 667 442 715 tandem
463 667 509 715 in
533 666 710 714 adversa
733 665 907 714 fortuna
920 684 1012 713 non
1027 665 1159 713 modo
1172 684 1271 714 eum
1293 664 1486 722 deserat,
1507 663 1584 712 sed
1600 682 1679 713 ne-

269 743 445 810 quidem
461 743 714 807 cognovisse
729 742 915 791 simulet.
931 743 1040 807 Ejus
1056 754 1122 790 est
1133 742 1309 790 initium
1322 779 1334 799 ‚
1356 740 1602 808 Conquerar,
1626 759 1680 790 aa

265 830 417 868 taceam
432 822 460 866 ,Ρ
482 819 583 883 Qua
600 819 775 886 quidem
794 817 981 884 epistola
996 817 1119 866 facile
1135 816 1395 864 crediderim
1409 816 1605 866 eumdem
1625 817 1682 865 ab

267 896 430 945 Ovidio
442 897 610 954 notari,
635 896 681 943 in
701 914 830 961 quem
848 896 942 961 ipse
958 914 1076 943 nunc
1096 893 1330 952 invehitur3
1344 912 1446 942 nam
1461 893 1582 960 quod
1595 893 1678 942 ait:

701 1019 709 1027 .
726 1020 734 1027 .
754 1020 761 1027 .
776 1020 783 1028 .
808 992 878 1027 Sed
895 1000 930 1027 et
947 992 1111 1027 insultare
1128 991 1255 1037 jacenti

525 1050 577 1085 Te
593 1049 678 1084 mihi
693 1075 702 1093 ‚
721 1061 786 1084 nec
804 1049 916 1088 verbis
931 1061 1070 1093 parcere
1089 1048 1184 1083 fama
1200 1048 1331 1091 refert;

263 1140 458 1194 repetere
482 1129 656 1177 videtur
676 1128 723 1175 in
746 1128 847 1176 Ibin
862 1165 873 1186 ,
898 1128 984 1175 hoc
1006 1127 1140 1175 modo
1164 1148 1174 1174 :

476 1226 702 1271 Vulneraque
719 1226 863 1260 immitis
878 1225 1038 1270 requiem
1056 1223 1247 1269 quaerentia
1264 1229 1362 1257 vexat
1374 1249 1382 1265 ,

525 1282 638 1317 Jactat
653 1289 688 1317 et
703 1281 739 1316 in
758 1288 830 1316 toto
843 1281 947 1315 verba
963 1280 1087 1315 canina
1100 1279 1201 1322 for03

213 1402 220 1409 .
260 1371 305 1409 et
325 1359 458 1427 paulo
485 1371 589 1425 post
617 1379 626 1406 ε

477 1441 526 1476 At
542 1440 623 1481 tibi,
640 1439 774 1474 calcasti
790 1440 847 1484 qui
864 1452 920 1473 me
934 1465 942 1482 ,
962 1439 1113 1474 violente
1126 1465 1135 1482 ‚
1153 1439 1349 1483 jacentem,

519 1494 602 1539 Qua
617 1494 696 1529 lieet
708 1520 717 1538 ‚
734 1493 820 1528 heu!
835 1494 963 1528 misero
979 1493 1113 1528 debitus
1130 1493 1236 1527 hostis
1253 1504 1324 1526 ero.
1340 1531 1342 1533 ‚

261 1574 387 1622 Hanc
414 1585 557 1620 autem
583 1572 763 1634 elegiam
788 1572 834 1618 in
858 1571 1085 1636 Hyginum
1103 1571 1392 1636 conscriptam
1414 1588 1507 1621 esse
1529 1569 1680 1626 ver-isi-

258 1650 360 1699 mile
384 1661 450 1698 est
467 1687 478 1708 ‚
505 1669 643 1716 quum
666 1649 778 1697 enim
799 1649 975 1714 inquit:

477 1747 539 1782 Ille
557 1759 622 1792 ego
636 1759 713 1782 sum
727 1773 735 1790 ,
752 1758 952 1791 quanquam
968 1758 1041 1779 non
1056 1746 1105 1779 vis
1122 1744 1241 1779 audire
1255 1771 1264 1788 ,
1280 1751 1413 1779 vetusta

522 1800 628 1836 Paene
644 1814 732 1846 puer
747 1814 856 1846 puero
871 1802 1009 1846 junctus
1021 1797 1178 1835 amicitia.
1386 1792 1390 1796 ⁴

259 1880 385 1927 Dixit
399 1897 542 1945 poene,
563 1879 686 1944 quia,
703 1890 811 1926 teste
827 1867 1056 1935 Suetonio,
1072 1877 1278 1943 Hyginus
1291 1874 1552 1924 Alexandria
1566 1891 1677 1940 puer

259 1957 463 2005 advectus
480 1968 584 2016 erat,
598 1968 640 2003 et
659 1955 821 2004 Ovidio
834 1954 1196 2003 familiarissimus
1205 1953 1302 2001 fuit.
1318 1954 1489 2000 Rursus
1503 1951 1581 1999 ubi
1591 1951 1672 1998 sic:

433 2072 436 2075 ·
483 2051 544 2086 Ille
561 2065 624 2097 ego
640 2052 775 2097 judiciis
790 2052 891 2087 unica
907 2052 1011 2086 Musa
1027 2050 1103 2092 tuis.
1510 2021 1523 2028 ²·

260 2119 391 2179 Illum
411 2120 605 2186 apprime
628 2119 867 2176 literatum,
888 2130 1018 2184 atque
1035 2118 1162 2165 etiam
1182 2116 1379 2164 criticum
1398 2133 1490 2163 esse
1505 2113 1671 2171 innuit,

262 2196 434 2263 qualem
458 2196 592 2244 fuisse
617 2208 790 2244 constat
813 2196 1059 2262 Hyginum,
1085 2195 1208 2259 cujus
1226 2194 1271 2241 in
1291 2193 1525 2255 Virgilium
1550 2193 1675 2240 Com-

259 2271 469 2320 mentaria
491 2271 723 2319 laudantur
747 2272 802 2318 ab
825 2274 878 2318 A.
911 2270 1070 2318 Gellio.
1097 2271 1195 2317 Jam
1217 2287 1318 2318 vero
1342 2288 1476 2334 quum
1508 2267 1673 2315 nullam

262 2351 380 2417 apud
415 2349 622 2399 Ovidium
651 2350 810 2416 apertis
844 2350 989 2397 verbis
1025 2349 1192 2416 Hygini
1215 2348 1484 2401 ,mentionem
1505 2345 1599 2393 fieri
1622 2345 1675 2393 li-

263 2442 418 2495 queat,
446 2429 679 2477 subortum
701 2428 896 2495 equidem
922 2427 1035 2475 inter
1057 2427 1176 2492 ipsos
1208 2424 1437 2473 dissidium
1463 2423 1673 2494 suspicari

262 2506 366 2553 licet
381 2544 392 2563 ‚
419 2506 539 2572 quod
562 2506 763 2572 Hyginus
788 2505 935 2553 Ovidii
960 2502 1196 2553 exsulantis
1216 2519 1394 2549 uxorem
1409 2537 1420 2556 ‚
1442 2501 1499 2548 ob
1524 2500 1674 2566 pristi-

263 2603 364 2632 nam
396 2604 494 2632 cum
528 2584 604 2631 illo
640 2583 1001 2631 consuetudinem
1030 2580 1183 2647 procul
1210 2580 1346 2627 dubio
1371 2580 1458 2628 sibi
1491 2579 1672 2628 notissi-

263 2680 378 2708 mam
397 2699 408 2719 ,
443 2660 673 2709 sollicitare
704 2680 833 2708 ausus
867 2673 979 2708 esset
1001 2697 1012 2716 ‚
1048 2659 1225 2723 ejusque
1249 2657 1475 2706 facultates
1496 2659 1552 2706 ab
1580 2659 1671 2705 Au-

266 2750 421 2801 gusto,
456 2738 578 2802 cujus
601 2737 785 2785 libertus
810 2749 920 2795 erat,
946 2738 1175 2802 impetrare
1197 2749 1439 2785 conaretur.
1483 2736 1670 2785 Proinde
