1794 3100
585 253 717 297 PER
749 254 793 296 J.
830 250 1136 296 MAS‘soN.
1493 267 1572 316 ¹77

145 347 267 399 Nulli
285 365 442 415 nempe
451 347 537 395 »Dii
548 347 702 410 fratres
719 347 883 414 templa
900 345 1111 395 tenebant
1127 345 1330 413 proxima
1348 346 1458 395 Divi
1467 346 1586 396 Julii

143 426 337 495 templo,
361 439 655 494 praeterquam
690 427 849 475 Castor
871 438 916 475 et
937 425 1100 474 Pollux
1120 446 1130 484 ;
1159 444 1273 492 quos
1309 444 1443 492 supra
1465 426 1580 474 vidi—

143 524 244 554 mus
268 505 411 555 dictos
439 505 605 554 Ovidio
629 503 810 553 Ledaeos
833 505 972 561 Deos,
1003 523 1051 552 ac
1074 505 1249 553 Fratres
1270 504 1389 553 Deos
1406 544 1417 560 ,
1448 517 1580 571 atque

143 583 428 632 Albinovano
453 582 634 632 Ledaeos
655 583 854 639 Fratres,
892 583 959 632 uti
990 594 1035 631 et
1066 581 1279 630 concordia
1309 581 1454 631 sidera.
1493 584 1578 631 His

143 659 507 725 autemfiatribus
529 661 695 709 Noster
717 659 835 708 canit
866 657 1072 707 adsimiles
1106 678 1221 716 esse,
1246 659 1480 708 concordia
1506 660 1580 708 ni—

144 737 306 787 mirum
322 775 333 796 ‚
358 736 585 785 Tiberium
607 757 658 786 ac
687 737 1018 796 Germanicum,
1040 756 1153 803 quos
1176 736 1379 786 hocloco
1403 737 1581 787 laudat:

144 826 198 863 ut
219 815 323 864 inde
345 815 629 883 perspicuum
652 815 709 864 sit
728 853 740 874 ,
767 815 1002 879 legendum
1029 836 1130 865 cum
1153 815 1345 878 vulgatis
1369 835 1463 864 non
1487 835 1582 865 esse

144 894 365 952 adsimilis,
394 895 473 944 sed
494 893 655 963 plurali
679 913 783 943 voce
806 894 1045 951 adstinileis‚
1075 913 1152 943 seu
1175 894 1391 943 adsimiles.

420 1124 529 1160 Anno
549 1123 590 1159 C.
609 1135 667 1167 1x;
685 1124 735 1159 U.
752 1123 793 1159 C.
810 1134 981 1167 nchxn3
1002 1123 1123 1160 Ovidii
1141 1136 1177 1159 u
1192 1131 1228 1159 et
1245 1136 1307 1159 ιιι.

202 1220 247 1255 C.
272 1219 493 1257 POPPAEO
517 1220 726 1266 SABINO,
754 1221 802 1266 Q.
827 1221 1067 1257 SULPICIO
1095 1221 1371 1258 CAMERINO
1397 1221 1534 1258 COSS.

213 1318 249 1365 I.
275 1317 354 1366 Al)
377 1316 497 1366 hunc
519 1329 749 1366 exeuntem
772 1337 934 1366 annum
955 1318 1147 1367 Nasonis
1166 1318 1354 1367 exsilium
1374 1358 1385 1374 ‚
1419 1318 1590 1381 relega—

151 1397 371 1445 tionemve
384 1435 397 1455 ‚
414 1416 515 1447 cum
536 1395 807 1445 doctissimis
824 1396 929 1444 viris
942 1398 971 1444 J
975 1415 1039 1444 os.
1059 1395 1283 1459 Scaligero
1304 1402 1314 1420 ¹
1333 1434 1345 1453 ,
1373 1415 1422 1444 ac
1438 1396 1588 1460 AEgid.

147 1474 368 1524 Bucherio
398 1480 415 1500 ²
431 1513 443 1534 ,
467 1474 726 1532 referimus;
755 1493 1006 1542 quanquam
1030 1473 1079 1527 ,id
1103 1473 1177 1522 alii
1205 1471 1219 1497 ³
1246 1473 1449 1522 doctrina
1479 1493 1591 1541 prae—

148 1552 256 1602 clari
273 1553 476 1622 proxime
492 1554 718 1621 praeterito
733 1552 1013 1602 demandant.
1040 1552 1161 1600 Anni
1183 1562 1478 1619 tempestatem,
1505 1571 1592 1618 qua

150 1631 417 1696 contigerit,
451 1631 646 1699 primum
682 1630 1117 1688 demonstrabimus,
1145 1650 1282 1697 quum
1318 1630 1377 1679 sit
1413 1642 1593 1679 contro-

148 1708 299 1758 versiae
319 1710 467 1758 minus
490 1709 698 1758 obnoxia.

215 1789 352 1845 Eam,
387 1786 566 1858 hyemem
602 1806 760 1854 nempe
779 1825 791 1846 ,
823 1787 992 1836 Noster
1017 1786 1209 1835 dilucide
1245 1787 1351 1835 satis
1382 1786 1593 1850 indigitat

152 1876 245 1914 tota
265 1864 402 1914 Trist.
424 1863 502 1912 lib.
525 1865 547 1912 Ι
573 1863 696 1927 Eleg.
722 1878 774 1922 x,
799 1883 847 1912 ac
871 1863 1050 1923 ultima,
1072 1866 1313 1931 praesertim
1336 1864 1466 1912 initio
1487 1884 1498 1912 ε

372 1963 490 1999 Litera
507 1975 738 2009 quacumque
754 1969 807 1997 est
822 1970 897 1997 toto
916 1962 977 1998 tibi
994 1962 1084 1998 lecta
1098 1962 1233 2007 libello,

414 2025 478 2061 Est
492 2025 579 2060 mihi
591 2028 746 2060 sollicite
759 2032 902 2070 tempore
917 2025 1007 2061 facta
1024 2029 1097 2059 vl'oe.

373 2087 448 2122 Aut
464 2086 554 2121 hanc
570 2099 628 2122 me
642 2113 652 2131 ,
669 2086 775 2133 gelidi
795 2093 986 2121 tremerem
1004 2099 1116 2132 quum
1134 2100 1255 2122 mense
1272 2088 1468 2123 Decembris
1479 2116 1487 2130 ,

414 2149 636 2184 Scribentem
652 2148 778 2183 mediis
794 2150 929 2183 Hadria
945 2147 1032 2183 vidit
1046 2149 1164 2194 aquis,
1183 2156 1248 2184 etc.

148 2259 247 2308 quae
270 2238 449 2295 docent,
475 2237 688 2286 Ovidium
706 2237 795 2303 jam
816 2256 948 2285 mense
973 2238 1200 2286 Decembri
1221 2258 1351 2288 suum
1371 2238 1418 2287 in
1444 2240 1586 2289 exsilii

150 2320 297 2368 locum
319 2318 403 2365 iter
422 2316 689 2382 suscepisse,
704 2327 836 2382 atque
855 2335 935 2382 per
952 2317 1085 2366 maris
1102 2317 1318 2366 Adriatici
1332 2339 1468 2386 aquas
1488 2332 1583 2369 tum

146 2399 387 2463 navigasse.

214 2479 299 2527 His
322 2497 415 2526 non
437 2475 635 2525 contenti
664 2473 866 2523 Calvisius
887 2493 936 2523 ac
955 2474 1214 2533 Bucherius,
1242 2495 1436 2528 mensem
1458 2479 1582 2529 insu-

192 2618 202 2636 ¹
231 2612 395 2649 Animad.
412 2612 447 2646 in
469 2611 552 2646 Eus.
573 2610 707 2645 Chron.
723 2622 797 2655 pag.
817 2610 886 2645 182.

188 2677 206 2696 ²
227 2675 326 2721 Belg.
340 2674 444 2709 Rom.
458 2686 534 2719 pag.
559 2685 631 2707 102.

191 2735 204 2756 ³
228 2735 418 2778 Calvisius,
437 2735 565 2769 Annal.
579 2733 620 2769 ad
639 2747 693 2768 an.
714 2732 780 2768 Ch.
795 2744 888 2776 V111;
905 2733 1084 2778 Norisius,
1106 2733 1148 2769 de
1167 2733 1293 2771 Cenot.
1310 2736 1426 2771 Pisan.
1443 2750 1474 2783 p.
1491 2752 1550 2773 201
1568 2766 1576 2780 ,

146 2802 182 2830 et
197 2793 383 2828 novissime
401 2791 731 2827 Flottemanvillaeus
747 2817 756 2833 ,
780 2789 908 2825 Annal.
928 2797 1011 2825 tom.
1028 2791 1043 2825 Ι
1059 2818 1067 2835 ,
1094 2805 1170 2837 pag.
1189 2795 1253 2837 204
1266 2820 1277 2838 ‚
1301 2807 1334 2828 n.
1351 2809 1368 2828 α
1385 2821 1393 2838 ,
1412 2803 1476 2830 etc.

276 2860 425 2907 VIII.
1293 2877 1340 2904 12
