1794 3100
1244 213 1558 229 §mmmm

131 296 754 388 nEchTIONES
807 327 909 418 ΕΤ
958 324 1559 382 PRAEFATIONES

682 477 1024 518 VARIORUM

283 628 387 697 IN
440 627 515 696 P.
561 625 914 696 OVIDII
959 623 1398 694 NASONIS

716 783 976 832 OPERA.

224 1037 627 1096 DANIELIS
668 1035 990 1093 HEINSII
1031 1032 1490 1090 DEDICATIO

593 1193 704 1222 ANTE
726 1191 967 1221 emmonem
993 1179 1096 1236 1629
1108 1210 1121 1231 ‚

505 1313 592 1339 vuto
614 1311 846 1338 Nomussnuo
869 1309 1167 1342 Ampusslmoquz
1183 1326 1192 1343 ,

388 1417 724 1463 ADRIANO
763 1414 1303 1461 BLYENBURGIO.

139 1537 509 1622 QUEMADMO
522 1568 651 1605 DUM
686 1555 734 1603 in
768 1553 990 1603 fructibus
1025 1551 1315 1616 agricolarum
1333 1590 1345 1610 ‚
1376 1552 1569 1601 Adriane

137 1634 438 1702 Blyenburgi,
462 1633 662 1701 quaedam
687 1644 754 1681 est
770 1631 1025 1689 maturitas,
1047 1650 1144 1698 quae
1168 1643 1365 1698 tempore
1384 1630 1567 1694 exiguo,

140 1732 190 1762 ac
212 1712 303 1762 fere
322 1723 442 1761 certo
463 1711 569 1759 anni
592 1710 737 1777 spatio
752 1748 764 1768 ‚
787 1709 1052 1759 describitur
1072 1728 1121 1758 ac
1144 1710 1425 1767 terminatur,
1450 1721 1572 1760 extra

140 1810 273 1858 quam
297 1790 495 1857 citraque
517 1809 610 1838 non
636 1788 870 1846 consistit3
911 1806 961 1836 ea
991 1807 1178 1854 poeseos
1212 1807 1405 1836 romanae
1438 1787 1572 1836 nobis

140 1888 314 1936 semper
332 1868 424 1918 visa
443 1880 511 1917 est
526 1867 655 1917 ratio.
679 1868 792 1931 Quae
812 1865 1023 1933 paulatim
1047 1864 1102 1913 ad
1125 1865 1422 1914 maturitatem
1443 1865 1573 1914 istam

143 1947 263 1996 venit
277 1983 290 2004 ‚
313 1947 384 1995 cui
401 1944 516 1994 nihil
532 1944 635 1995 addi
651 1983 662 2004 ‚
687 1943 800 1993 nihil
818 1942 933 1992 demi
949 1954 1114 2010 potest.
1141 1942 1299 1990 Viden'
1321 1954 1370 1991 tu
1392 1942 1573 1992 latinam

143 2022 264 2072 illam
284 2022 544 2086 elegantiam
572 2022 803 2071 Lucretii?
830 2019 984 2069 Viden'
1020 2019 1120 2068 Afri
1153 2019 1295 2067 nostri
1329 2022 1349 2083 (
1363 2019 1489 2085 cujus
1508 2020 1572 2068 fa-

144 2101 276 2151 bulas
309 2100 484 2149 romani
518 2100 742 2167 principes
776 2099 1004 2166 scripsisse
1038 2097 1338 2165 putabantur)
1366 2099 1574 2148 suavissi-
1634 2119 1636 2121 ’

144 2198 243 2228 mos
265 2177 439 2245 lepores
454 2213 466 2235 ‚
503 2188 546 2225 et
573 2176 781 2225 decorum
806 2176 934 2243 plane
958 2176 1298 2225 admirandum?
1321 2175 1479 2225 Viden'
1502 2196 1573 2225 ve-

143 2268 368 2307 nustatem
397 2254 519 2303 illam
549 2273 598 2302 ae
621 2254 798 2304 delicias
823 2254 1020 2305 Catulli?
1049 2253 1207 2303 Viden'
1242 2253 1411 2303 cultum
1447 2253 1573 2302 illum

143 2334 430 2384 invidendum
451 2352 502 2382 ac
520 2332 828 2382 inimitabilem
849 2332 1054 2382 Tibulli?
1078 2335 1167 2382 Ver
1188 2331 1389 2381 adultum
1415 2331 1574 2380 carmi-

144 2413 216 2462 nis
239 2412 366 2461 latini
388 2423 467 2461 aut
488 2423 681 2461 aestatem
698 2410 820 2460 vides
846 2430 856 2458 ε
876 2410 999 2460 nulla
1021 2410 1138 2460 enim
1163 2422 1417 2459 ornamenta
1442 2408 1547 2457 anni
1561 2447 1572 2467 ‚

144 2490 276 2540 nullae
296 2491 470 2550 herbae,
493 2490 609 2539 nulli
631 2488 833 2546 flosculi,
865 2508 978 2556 quos
1003 2489 1171 2555 optima
1205 2499 1439 2554 parentum
1462 2498 1576 2535 terra

146 2570 287 2637 parit,
310 2588 433 2636 aeque
457 2568 610 2618 oculos
634 2567 831 2616 afficiunt
845 2605 857 2625 ‚
884 2579 936 2615 ut
952 2566 1026 2615 illa
1045 2566 1266 2630 elegantes
1284 2566 1457 2615 animos
1475 2585 1577 2634 per-

148 2658 335 2695 tentant.
373 2650 557 2714 Itaque,
584 2645 954 2714 quemadmodum
991 2664 1174 2702 aurora,
1201 2643 1280 2694 ubi
1305 2644 1494 2713 primum
1533 2663 1578 2693 se

149 2725 387 2784 diffundit,
412 2745 462 2775 ac
493 2724 743 2788 gratissimo
774 2723 937 2772 rubore
970 2721 1048 2770 illo
1083 2741 1164 2772 suo
1204 2721 1357 2772 caelum
1386 2721 1577 2770 imbuit.
