1794 3100
550 227 677 274 PER
712 228 756 270 J.
793 227 1096 272 MASSON.
1458 229 1545 273 235

110 325 326 374 mneos
338 358 353 380 ‚
370 340 481 371 vers.
499 319 649 388 69-75
662 359 674 380 ‚
695 322 772 388 qui
787 322 944 371 merito
959 321 1103 371 doctis
1116 321 1424 389 compluribus
1442 323 1549 374 viris

110 400 369 470 jamdudum
381 400 503 450 visus
513 412 583 449 est
600 401 650 448 L.
666 401 959 450 POMPONIUS
975 402 1206 460 Fucens,
1221 401 1324 450 anni
1342 401 1549 468 proxim-i,

112 481 169 527 U.
195 479 247 528 C.
276 489 486 537 DCCLXX,
512 476 667 527 consul
691 477 942 528 ordinarius
960 479 1006 526 in
1025 479 1170 528 Fastis
1189 478 1402 541 signatus.
1423 477 1554 528 Alius

112 555 292 622 quidem
316 556 501 604 Flaccus
520 554 799 605 consulatum
822 575 938 604 anno
964 557 1020 603 U.
1049 557 1101 604 C.
1128 568 1376 608 DCCLXVIII
1398 556 1549 619 gessit.

111 635 277 686 Verum
292 633 333 683 is
351 653 403 683 ex
421 634 716 683 Nor-banorum
736 645 864 696 gente
884 633 996 689 fuit;
1022 632 1098 681 ille
1115 652 1219 681 vero
1244 634 1429 683 Nasonis
1445 632 1555 682 ami-

108 731 217 772 cae,
239 731 290 761 ac
321 712 508 762 Graecini
529 712 686 771 frater,
711 731 763 760 ex
788 711 1030 777 Pomponiae
1051 723 1158 760 erat.
1184 713 1283 761 Hoc
1313 730 1398 760 nos
1422 702 1554 759 docet

108 793 320 860 antiquus
351 791 467 860 lapis
493 812 518 842 a
545 791 599 840 cl.
636 791 846 840 Reinesio
877 797 887 816 ¹
916 790 1147 854 vulgatus,
1177 790 1255 858 qui
1290 791 1554 841 inscribitur

107 871 161 920 C.
187 872 451 920 Poupomo
475 870 525 919 C.
552 870 602 918 F.
633 870 876 918 Gnfficmo
896 883 1052 919 PRAEF.
1075 883 1187 919 nnn.
1211 882 1293 919 etc.
1319 869 1491 918 Probat
1508 881 1553 918 et

107 949 292 997 Tacitus
323 954 340 973 ²
359 946 419 996 'id
452 947 639 996 Groecim'
665 967 913 1012 cognomen
947 947 995 997 in
1032 947 1355 1014 Pompom'orum
1387 946 1552 996 familia

110 1025 268 1085 fuisse,
281 1044 464 1075 narrans
481 1044 597 1074 anno
617 1027 675 1074 U.
692 1026 745 1074 C.
766 1038 941 1084 DCCCX,
960 1025 1045 1075 sub
1065 1025 1256 1075 Neronis
1274 1024 1550 1092 principata,

110 1105 382 1172 Pomponiam
409 1105 669 1161 Gra-cinam,
695 1105 887 1171 insignem
901 1104 1106 1171 seminam
1125 1104 1318 1161 Plautio,
1343 1105 1415 1171 qui
1427 1123 1552 1155 ovans

109 1203 152 1233 sc
175 1184 229 1233 de
257 1184 493 1234 Britanniis·
515 1184 671 1240 retulit,
698 1195 869 1251 nuptam
893 1202 1003 1233 esse.
1031 1184 1162 1233 Unde
1191 1184 1403 1233 Reinesio
1429 1185 1555 1234 Groe-

109 1263 244 1318 cinus,
271 1261 351 1310 illo
373 1261 521 1329 lapide
535 1262 760 1325 signatus,
776 1261 952 1310 videtur
967 1260 1087 1310 filius
1108 1263 1202 1328 ejus
1220 1262 1408 1310 Groecim'
1424 1261 1456 1319 ³,
1477 1262 1555 1328 qui

109 1359 199 1389 cos.
225 1358 297 1388 an.
322 1341 379 1388 U.
409 1341 460 1388 C.
485 1351 715 1397 DCCLXIX,
735 1341 790 1388 L.
815 1339 1116 1406 Pomponium
1139 1339 1346 1388 Flaccum
1372 1358 1460 1388 cos.
1481 1359 1550 1387 an.

113 1421 165 1468 U.
186 1420 438 1470 C.DCC1.xx
453 1457 465 1477 ‚
483 1418 665 1469 fratrem
682 1418 844 1468 habuit
856 1456 868 1477 ‚
890 1437 1087 1468 sororem
1101 1416 1118 1449 ⁴
1134 1418 1408 1484 Pomponiam
1433 1419 1553 1467 Groe-

107 1499 259 1555 etham,
282 1498 449 1547 Plautii
468 1497 750 1566 triumphalis
773 1517 970 1548 uxorem.
996 1500 1066 1547 Ita
1083 1510 1129 1548 et
1146 1497 1432 1547 doctissimus
1449 1499 1551 1546 No-

108 1577 242 1628 risius
267 1575 283 1604 ⁵
309 1577 364 1626 de
387 1579 437 1626 L.
463 1578 721 1645 Pomponio
742 1576 902 1626 Flacco
928 1576 1063 1643 Syriae
1088 1575 1274 1644 praeside
1299 1596 1310 1624 :
1341 1599 1364 1619 «
1392 1577 1459 1632 Is,
1484 1576 1551 1624 in-

153 1691 163 1710 ¹
190 1689 336 1736 Syntag.
354 1689 443 1725 Insc.
459 1702 536 1736 pag.
552 1689 628 1733 435.

152 1747 168 1766 ²
187 1745 316 1780 Annal.
333 1744 391 1780 lib.
407 1745 500 1780 XIII
517 1771 528 1788 ,
545 1758 618 1791 cap.
639 1746 692 1781 32.

151 1800 166 1823 ³
187 1801 238 1837 At
252 1801 281 1836 is
295 1813 338 1836 ex
354 1801 445 1836 Insc.
461 1813 532 1846 seq.
549 1794 662 1836 dictus
678 1801 719 1836 P.
738 1800 849 1848 (non-
860 1799 923 1846 C.)
938 1802 1154 1844 Pomponius.
1179 1798 1317 1834 Mirum
1344 1812 1429 1834 vero
1458 1800 1549 1836 doct.

109 1855 316 1892 Reinesium
338 1855 377 1891 L.
395 1854 438 1891 C.
455 1855 674 1900 existimare,
699 1868 764 1901 pro
789 1865 981 1891 PnAErncT.
1006 1865 1091 1889 vnn.
1118 1853 1308 1900 legendum
1323 1880 1332 1897 ,
1359 1864 1552 1890 mmm-nem.

108 1913 270 1950 rumim
286 1927 295 1956 ;
313 1921 416 1959 atque
433 1913 471 1948 in
488 1914 588 1959 Praef
604 1914 752 1949 Fabrtim
764 1913 954 1948 convenire
973 1919 1098 1949 caetera
1112 1911 1178 1946 viri
1190 1911 1312 1946 munia
1323 1938 1332 1954 ‚
1350 1911 1421 1946 scil.
1439 1924 1461 1946 x
1474 1923 1553 1947 vm.

108 1981 185 2006 ὅτι.
201 1981 254 2015 Ν,
270 1977 337 2008 etc.
356 1971 431 2007 Nec
447 1978 540 2010 certe
556 1971 624 2006 alio
643 1971 809 2016 probaret
838 1969 997 2016 exemplo
1013 1996 1022 2014 ,
1046 1971 1198 2004 consulis
1225 1968 1338 2004 filium
1352 1995 1362 2013 ‚
1387 1975 1453 2004 etc.
1477 1977 1551 2005 tam

108 2026 232 2064 infima
247 2026 417 2073 dignitate
429 2053 439 2072 ,
461 2040 499 2062 ac
514 2027 614 2072 Proef
629 2029 778 2062 Fabrum
788 2054 797 2069 ‚
822 2040 982 2073 unquam
997 2026 1158 2062 sunctum
1176 2039 1259 2062 esse.

152 2082 167 2106 ⁴
189 2084 314 2117 Hliam
334 2082 449 2129 potius
467 2082 658 2118 dicendum
683 2090 780 2128 erat,
808 2092 847 2120 ut
866 2090 960 2119 recte
979 2085 1135 2131 Bychllus
1154 2083 1195 2118 ad
1224 2083 1322 2118 illum
1350 2082 1463 2118 Taciti
1487 2082 1556 2118 loc·

108 2144 230 2172 censet
241 2163 250 2181 ,
267 2144 347 2172 tum
367 2137 413 2172 ob
430 2142 570 2173 etatem
592 2140 744 2177 Greciai
756 2146 791 2175 et
806 2139 924 2174 fratris
941 2140 1018 2185 ejus
1030 2165 1040 2184 ,
1059 2139 1243 2185 utriusque
1263 2138 1316 2173 his
1334 2138 1553 2184 temporibus

107 2207 193 2231 coss.
210 2201 289 2233 tum
305 2194 351 2229 ob
367 2196 592 2240 quadraginta
613 2208 725 2232 annos
737 2223 747 2241 ,
772 2196 900 2243 quibus
924 2203 1000 2243 post
1027 2198 1132 2232 Juliae
1146 2223 1155 2240 ‚
1175 2195 1284 2231 Drusi
1307 2195 1408 2240 filiae,
1428 2208 1553 2233 necem

107 2251 319 2298 superfuisse
333 2277 343 2295 ‚
363 2251 458 2286 testis
475 2258 527 2286 est
543 2251 694 2287 Tacitus.
716 2252 861 2288 Etenim
885 2253 947 2288 ista
972 2255 1072 2288 Iulia
1088 2252 1170 2287 dolo
1194 2252 1395 2288 Messalinae
1419 2252 1553 2287 sublata

109 2322 166 2344 an.
182 2309 230 2344 U.
249 2307 290 2343 C.
304 2318 459 2343 nccxcv.
483 2307 592 2343 Unde
612 2307 655 2343 ad
679 2321 815 2344 anuum
836 2319 955 2345 ncccx
971 2338 980 2355 ,
998 2309 1042 2344 de
1060 2323 1132 2356 quo
1148 2310 1218 2356 agit
1239 2309 1372 2344 ibidem
1386 2310 1529 2345 Tacitus
1542 2336 1552 2353 ,

107 2365 215 2411 elapsi
238 2377 287 2400 xv
303 2365 398 2400 anni.
416 2365 465 2401 At
481 2365 627 2401 ulterius
645 2365 758 2403 adhuc
771 2393 781 2410 ‚
799 2372 835 2402 et
859 2366 903 2403 ad
923 2380 1060 2403 annum
1077 2379 1189 2412 usque
1214 2367 1262 2402 U.
1291 2364 1333 2402 C.
1360 2375 1553 2402 ncccxxxv

108 2421 216 2456 vitam
240 2421 413 2467 produxit.
431 2421 572 2458 Additis
589 2422 687 2458 enim
710 2433 755 2457 xm
780 2422 823 2457 ad
849 2423 948 2459 illum
972 2434 1117 2459 nccxcv
1134 2450 1143 2467 ,
1169 2423 1262 2459 fiunt
1278 2432 1484 2458 ncccxxxv.
1502 2422 1555 2458 Ut

110 2483 205 2511 recte
225 2476 411 2513 historicus
427 2476 483 2512 ille
500 2477 675 2513 notaverit
688 2504 697 2521 ‚
729 2480 910 2522 longevum
934 2477 1015 2513 huic
1034 2479 1199 2524 Pompon
1212 2478 1254 2513 iae
1273 2485 1414 2513 aetatem
1439 2476 1556 2512 fuisse.

107 2533 147 2568 Si
166 2546 252 2569 vero
273 2547 315 2569 ea
341 2534 495 2570 natalem
516 2535 571 2570 vel
596 2535 711 2582 ipsum
740 2548 874 2570 annum
898 2536 946 2570 U.
974 2535 1015 2571 C.
1038 2546 1202 2579 nccnxx,
1227 2548 1298 2580 quo
1325 2535 1545 2581 Pomponius

109 2589 253 2625 Flaccus
269 2590 391 2625 consul
409 2590 477 2626 fuit
490 2617 500 2635 ‚
520 2590 713 2633 habuisset3
733 2598 811 2625 tum
829 2604 922 2626 anno
948 2592 997 2627 U.
1019 2591 1061 2625 C.
1087 2601 1281 2626 ncccxxxv
1294 2618 1304 2636 ,
1330 2591 1403 2637 jam
1434 2604 1544 2626 annos

107 2647 216 2682 modo
232 2659 302 2682 va
318 2654 399 2683 nata
416 2647 538 2683 fuisset
553 2674 562 2691 ‚
583 2655 647 2682 etc.

153 2702 167 2723 ⁵
190 2701 246 2736 De
264 2702 416 2748 Epochis
433 2702 773 2750 Syro-Maced.Dis.
787 2702 844 2738 111
856 2728 867 2746 ,
885 2713 1008 2748 cap-IV
1020 2729 1030 2747 ,
1047 2716 1125 2749 pag.
1147 2702 1209 2738 166
1224 2701 1308 2738 edit.
1327 2703 1419 2749 Lips.
1438 2709 1472 2737 at
1493 2704 1553 2746 142

109 2757 191 2794 edit.
207 2758 303 2793 Flor.
