1794 3100
274 231 363 287 364
608 232 913 279 NOTITIA
943 235 1334 280 LITERARIA

327 326 409 370 IV.
428 325 637 370 Remedia
646 331 822 380 amoris,
835 327 944 372 liber
957 328 1001 382 I,
1018 328 1187 389 singula
1199 345 1359 390 genere
1376 331 1582 374 carminis
1594 329 1691 376 ele-

264 401 402 459 giaco.
431 400 616 444 Codices
643 400 825 461 quidam
847 401 964 446 MSS
984 410 1028 446 et
1043 404 1234 463 antiquae
1257 402 1498 457 editiones,
1523 412 1574 447 ut
1595 404 1686 448 Ar-

265 473 557 531 gentffiensis,
580 472 871 516 Schureriana
884 507 897 526 ,
927 475 1036 517 1520
1054 506 1067 528 ,
1084 475 1223 530 iti-4⁰.
1249 474 1458 520 dividunt
1478 477 1525 519 in
1547 475 1685 520 libros

267 541 399 596 duos,
424 543 483 584 ita
506 550 556 584 ut
576 541 793 587 secundus
815 544 998 604 incipiat
1013 562 1037 587 a
1059 562 1185 589 versu
1205 547 1308 608 397.
1334 547 1503 592 Gallico
1524 548 1686 592 carmi-

263 630 344 666 ne,
366 614 580 658 Remedes
601 627 753 660 contre
772 615 798 658 ἴ
799 633 967 667 amour,
980 617 1154 678 scripsit
1169 619 1326 662 Franc.
1350 618 1579 669 Caillzava,
1600 620 1685 664 Pa-

269 685 408 737 risiis,
440 685 571 746 1762,
598 687 731 730 in-80.
1248 691 1250 695 ’

323 756 383 800 V.
410 758 828 817 Metamorphoseon
852 767 862 783 ¹
887 759 987 804 libri
1007 760 1110 807 XV
1117 762 1309 806 carmine
1329 762 1510 806 heroico
1533 760 1685 822 :quod

264 844 374 889 opus
397 832 553 874 merito
580 832 959 891 praeclarissimum
981 842 1106 877 vocat
1126 835 1399 888 Lactantius,
1427 836 1475 878 in
1495 851 1583 895 quo
1595 835 1686 877 his-

263 902 374 944 toria
399 902 625 956 fabularis,
657 904 877 963 eleganter
896 907 1015 948 nexis
1028 908 1151 949 ‘iuter
1166 922 1211 949 se
1230 906 1432 966 partibus
1449 905 1690 962 omnihus

262 990 460 1034 expressa
490 984 578 1034 est3
608 976 654 1018 id
681 977 802 1038 quod
822 978 868 1020 in
891 979 974 1022 hoc
995 995 1130 1039 opere
1152 978 1339 1039 legendo
1373 979 1575 1039 inprimis
1603 978 1687 1023 ob-

261 1049 426 1091 servari
440 1047 590 1091 dehet.
613 1051 761 1109 Ipsum
773 1051 876 1094 huic
897 1054 1021 1112 operi
1036 1052 1302 1112 plurimum,
1324 1060 1368 1095 et
1382 1053 1685 1112 principatum

261 1134 446 1178 operum
476 1137 655 1164 suorum
684 1122 917 1177 tribuisse,
949 1131 1072 1184 patet
1094 1140 1117 1166 e
1143 1122 1436 1167 conclusione.
1473 1122 1686 1167 Ultimam

261 1190 327 1234 illi
345 1208 523 1235 manum
542 1201 695 1236 auctor
709 1194 828 1237 haud
847 1196 1081 1255 imposuit,
1109 1204 1157 1239 ut
1176 1196 1270 1256 ipse
1284 1196 1421 1239 refert
1439 1197 1579 1239 Trist.
1605 1197 1650 1240 ΙΙ
1664 1227 1680 1250 ,

257 1264 362 1307 555.
396 1265 559 1309 Confer
582 1269 722 1311 Trist.
742 1262 782 1321 Ῑ,
811 1268 862 1320 6,
887 1277 931 1312 et
950 1270 1040 1321 ΙΙΙ,
1068 1268 1134 1323 14.
1157 1268 1261 1313 Illos
1279 1287 1303 1312 a
1318 1285 1362 1313 se
1381 1270 1570 1329 scriptos
1590 1284 1683 1312 esse

262 1346 448 1381 testatur
465 1340 558 1399 ipse
573 1340 781 1394 Ovidius,
808 1343 948 1385 Trist.
973 1343 1016 1395 Ι,
1052 1358 1095 1391 1,
1128 1358 1142 1384 ι
1160 1358 1226 1403 ¹7·

474 1431 565 1466 Sunt
582 1445 720 1477 quoque
737 1442 879 1470 mutatae
896 1442 949 1470 ter
965 1435 1120 1482 quinque
1135 1436 1313 1471 volumina
1327 1437 1462 1471 forme.

254 1509 357 1552 Non
384 1509 509 1552 facile
529 1525 632 1552 vero
657 1509 814 1571 aliquis
840 1511 1012 1565 credat,
1044 1513 1165 1572 quod
1187 1515 1233 1556 in
1253 1522 1449 1557 mentem
1470 1513 1595 1556 venit
1615 1514 1686 1556 in-

257 1580 558 1639 geniosissimo
575 1581 688 1633 viro,
707 1580 900 1624 Roberto
920 1582 1120 1625 Hoockio
1135 1590 1171 1636 ²,
1194 1584 1274 1642 qui
1289 1584 1331 1624 in
1353 1581 1560 1644 operibus
1582 1597 1685 1642 pos-

258 1651 447 1706 thumis,
461 1651 605 1695 Lond.
630 1654 756 1712 1705,
774 1653 922 1696 in-fol.
943 1654 1150 1713 vulgatis,
1171 1653 1384 1697 Ovidium
1396 1652 1684 1698 contenditin

260 1726 611 1786 Metamorphosi
630 1742 703 1768 sua
716 1725 797 1769 sub
816 1725 979 1771 sabulis
999 1724 1083 1769 illis
1101 1725 1411 1769 describendas
1425 1725 1511 1768 sibi
1521 1740 1687 1786 propo-

257 1798 393 1840 suisse
414 1794 523 1840 &arii
552 1799 726 1858 generis
754 1799 1045 1850 mutationes,
1072 1813 1171 1857 quae
1197 1796 1346 1840 telluri
1375 1796 1680 1855 contigerunt,

258 1876 302 1910 et
330 1876 519 1928 systema
543 1867 769 1928 quoddam
792 1869 1001 1912 Historiae
1024 1867 1245 1910 Naturalis
1273 1865 1447 1910 tradere
1470 1866 1679 1911 voluisse.

255 1939 355 1983 Non
371 1941 504 1999 magis
527 1938 583 1982 ad
599 1939 823 2000 liquidum
843 1939 1029 2000 perduci
1046 1940 1240 1999 poterit,
1265 1937 1386 1999 quod
1404 1940 1683 1983 Hermannus

260 2010 315 2053 ab
339 2012 496 2055 Hardt
533 2013 577 2054 in
602 2013 720 2055 ranis
742 2011 922 2065 Ovidii,
958 2011 1040 2054 lib.
1071 2011 1138 2055 Vl
1171 2011 1471 2071 Metamorph.
1498 2010 1683 2055 detectis

258 2098 306 2124 ac
327 2082 636 2126 demonstratis
661 2082 847 2127 Helmst.
878 2099 951 2144 ¹7¹
970 2099 1011 2135 1,
1039 2083 1173 2126 in-80.
1196 2084 1534 2127 vetustissimam
1553 2083 1682 2137 Graee

257 2169 410 2197 corum
431 2155 661 2197 historiam
687 2157 731 2198 in
755 2155 915 2198 fabulis
935 2155 1119 2199 Nasonis
1140 2154 1299 2210 latere,
1328 2155 1414 2198 sibi
1438 2155 1678 2216 persuasit,

256 2224 362 2269 licet
381 2223 555 2271 Grae'cos
578 2228 854 2287 potissimum
868 2236 1018 2288 poetas
1036 2237 1081 2271 et
1095 2229 1332 2289 scriptores
1352 2225 1684 2286 metamorpho-

255 2314 360 2342 seon
378 2298 575 2342 secutum
598 2301 643 2342 in
661 2299 745 2342 illis
765 2298 895 2342 fuisse
914 2300 1133 2344 Nasonem
1151 2316 1240 2343 non
1262 2300 1318 2342 sit
1334 2297 1539 2341 dubium.
1558 2298 1684 2341 Grae-

258 2387 304 2413 ca
321 2387 449 2431 prosa
467 2370 667 2414 reddidit
684 2373 912 2415 [Maximus
934 2371 1155 2415 Planudes
1170 2405 1185 2420 ‚
1209 2387 1306 2431 quae
1321 2369 1519 2412 nondum
1539 2368 1684 2412 lucem

260 2441 459 2502 adspexit
476 2448 507 2497 3,
531 2445 718 2503 exceptis
734 2445 883 2504 paucis
905 2444 1023 2498 locis,
1040 2458 1137 2503 quae
1151 2459 1202 2487 ex
1217 2459 1265 2487 ea
1280 2441 1491 2503 produxit
1508 2443 1553 2484 in
1570 2455 1684 2502 prae-

303 2532 315 2550 ¹
333 2530 669 2579 Metamorphoseon
694 2533 877 2579 scriptores
898 2533 1037 2569 Grecos
1054 2531 1178 2576 retuli,
1203 2530 1355 2567 Bibloth.
1372 2530 1506 2567 Graecae
1525 2529 1583 2564 lib.
1600 2527 1658 2564 111
1669 2552 1681 2572 ,

260 2597 333 2630 cap.
350 2601 389 2631 ²7
405 2614 414 2630 ‚
437 2588 533 2633 §nih

303 2642 320 2662 ²
343 2642 434 2676 Vide
452 2643 538 2678 Acta
558 2644 666 2679 Erud.
684 2657 778 2680 anno
805 2658 885 2691 1707
900 2670 910 2689 ,
934 2657 1009 2690 pag.
1032 2646 1104 2680 155.

302 2696 316 2717 ³
343 2698 432 2733 Celte
447 2702 636 2734 traduction
650 2714 673 2734 a
688 2704 743 2735 ἑτέ
757 2703 926 2745 imprime‘e
936 2714 1023 2745 pour
1034 2703 1071 2735 la
1083 2699 1316 2746 premieresbis
1330 2702 1419 2734 dans
1434 2703 1518 2733 cette
1530 2698 1657 2732 e'dition
1666 2722 1677 2738 ,

255 2755 338 2789 dont
345 2755 409 2788 elle
412 2753 526 2799 forme
535 2756 567 2788 le
575 2756 753 2800 a'nquibme
763 2758 901 2799 volume,
916 2768 997 2792 avec
1006 2757 1067 2792 des
1076 2762 1172 2792 notes
1183 2757 1228 2792 du
1237 2756 1363 2791 ce'le'ebre
1377 2754 1620 2790 Bmssomnz.
1637 2750 1668 2785 B
1674 2775 1683 2783 .
