1794 3100
284 210 363 238 110
726 198 777 238 P.
815 198 1049 242 OVIDII
1087 199 1263 242 VITA

276 289 377 337 vium
394 307 412 343 ;
444 287 657 355 siquidem
692 289 811 355 apud
845 301 1080 356 utrumque
1115 291 1263 340 eadem
1287 309 1356 340 res
1385 303 1597 341 narratur.
1637 293 1691 342 ln

276 383 368 412 eam
390 365 504 413 enim
529 366 754 414 senatoriae
779 366 1003 430 dignitatis
1025 387 1133 433 spem
1159 367 1347 419 Ovidius
1368 368 1506 421 latum
1534 369 1692 418 sumsit

275 442 467 500 clavum,
505 456 556 492 ut
581 444 738 493 invicte
773 445 900 493 docet
930 465 1031 494 mox
1062 446 1251 504 addens,
1285 465 1393 496 vers.
1431 447 1493 496 35
1519 467 1530 501 ;
1564 446 1690 496 Cun'a

276 519 480 576 restabat,
510 531 589 567 etc.
616 519 681 568 3⁰.
711 521 779 568 Ex
798 521 884 568 hoc
906 521 1048 568 nostri
1077 520 1176 570 loco
1202 533 1346 587 patet,
1369 523 1543 572 eosdem
1564 522 1690 577 illus-

275 598 409 645 trium
441 598 638 664 equitum
675 597 839 646 liberos
870 597 1001 646 simul
1027 618 1125 647 cum
1149 611 1254 662 toga
1283 599 1399 648 virili
1430 600 1686 653 laticlaviam

271 674 488 733 induisse,
510 694 647 740 quum
666 675 758 740 ipse
782 674 872 722 haec
896 674 985 722 duo
1007 694 1093 723 una
1114 675 1300 740 jungat:

534 779 687 812 Liberior
699 777 798 813 fratri
814 785 928 812 sumta
944 778 1100 824 mihique
1116 785 1196 824 toga
1213 786 1264 813 est
1280 793 1288 820 ;

488 839 720 885 Induiturque
737 839 894 874 humeris
909 848 989 875 cum
1006 842 1077 875 lato
1093 853 1247 886 purpura
1262 843 1368 876 clavo.
1387 836 1395 848 ²
1434 846 1437 849 '

269 935 359 982 Nec
371 933 457 982 alio
473 953 602 982 sensu
612 934 695 983 hos
708 934 943 982 versiculos
958 932 1266 983 intellexerunt
1277 935 1358 982 viri
1371 936 1532 998 magni,
1544 936 1687 986 Aldus

271 1012 499 1060 Manutius
527 1018 537 1036 ¹
574 1030 622 1060 ac
652 1013 784 1060 Isaac.
820 1012 1109 1060 Casaubonus
1138 1017 1183 1069 2;
1215 1012 1401 1077 quibus,
1428 1013 1572 1078 quoad
1593 1031 1686 1064 rem

272 1087 433 1152 ipsam,
459 1086 675 1135 accedunt
705 1087 873 1134 Theod.
905 1086 1134 1135 Marcilius
1164 1086 1179 1111 ³
1196 1124 1207 1146 ‚
1233 1095 1286 1135 'et'
1305 1088 1515 1137 Octavius
1535 1090 1686 1138 Ferra-

268 1162 359 1209 rius
384 1160 416 1209 4.
441 1163 503 1210 At
524 1162 709 1210 dubium
732 1163 803 1211 hie
826 1182 998 1211 movere
1020 1174 1196 1229 potest,
1231 1163 1351 1229 quod
1379 1163 1684 1214 celeberrimus

272 1237 467 1285 Graevius
481 1238 684 1286 observat
701 1239 754 1286 ad
774 1239 862 1287 haec
877 1238 1078 1287 Suetonii
1096 1238 1148 1286 de
1165 1239 1373 1301 Augusto
1391 1239 1524 1288 verba
1543 1260 1554 1287 τ
1572 1240 1683 1288 Pro-

266 1316 371 1364 tinus
398 1335 425 1363 a
453 1308 569 1364 virili
592 1316 674 1381 (ut
695 1316 927 1380 legendum
949 1319 1128 1379 censet)
1160 1327 1254 1383 toga
1283 1318 1410 1365 latum
1435 1319 1590 1367 clavum
1621 1319 1683 1366 in-

266 1394 386 1442 duere
400 1395 606 1459 permisit,
644 1395 809 1444 scilicet
837 1407 1086 1444 senatorum
1115 1395 1279 1444 liberis.
1314 1419 1335 1438 «ι
1360 1397 1536 1445 Etenim
1556 1409 1683 1446 autu-

270 1493 292 1513 »
321 1483 436 1529 mat,
460 1473 671 1538 protinus,
707 1473 829 1539 quod
859 1473 1034 1540 quidem
1058 1485 1125 1522 est
1147 1474 1380 1532 continue,
1404 1493 1495 1522 non
1525 1475 1586 1523 ita
1614 1462 1683 1541 in-

270 1571 293 1590 »
320 1548 602 1612 telligendum
616 1570 706 1600 esse
718 1589 728 1609 ,
744 1551 869 1617 quasi
882 1550 1061 1617 ipsodie
1076 1551 1265 1601 tirocinii
1283 1551 1682 1618 sumendaquoque

272 1648 295 1667 »
323 1625 478 1674 suisset
503 1627 651 1675 tunica
682 1626 895 1675 laticlavia
920 1646 931 1685 ;
969 1639 1060 1676 tum
1092 1628 1207 1676 enim
1238 1640 1399 1677 rectam
1422 1628 1680 1685 sumebant'3

270 1725 292 1744 »
321 1702 394 1750 sed
419 1703 586 1762 statim,
608 1716 685 1752 aut
704 1722 795 1751 non
815 1703 946 1766 longe
967 1715 1094 1770 post,
1121 1716 1183 1762 et,
1204 1705 1241 1752 si
1263 1704 1451 1762 luberet,
1472 1715 1680 1770 sequente

269 1803 291 1822 »
320 1780 403 1828 die.
428 1804 450 1823 »
480 1782 593 1844 Quae
617 1792 761 1829 tamen
782 1781 1084 1847 interpretatio
1108 1793 1308 1829 contorta
1324 1818 1335 1839 ,
1363 1799 1444 1828 nec
1461 1780 1605 1829 valido
1630 1781 1680 1828 ti-

263 1858 408 1905 bicine
421 1856 532 1905 ful-ta
543 1857 727 1906 videtur.
746 1858 844 1906 Etsi
862 1859 975 1906 enim
991 1870 1155 1906 certum
1167 1870 1297 1915 esset,
1314 1857 1503 1906 tunicam
1516 1869 1679 1906 rectam

265 1953 363 1983 cum
382 1947 484 1998 toga
501 1935 616 1984 virili
633 1947 819 1984 sumtam
831 1934 964 1984 fuisse
979 1973 991 1993 ,
1012 1935 1167 2001 quidni
1185 1934 1334 1983 liceret
1357 1952 1457 1982 eum
1478 1935 1676 1983 Ferrario

238 2021 244 2026 '
264 2014 529 2071 existimare,
555 2014 746 2062 tunicam
761 2026 917 2062 rectam
941 2025 984 2061 et
1004 2013 1095 2061 lato
1115 2013 1235 2061 clavo
1254 2013 1506 2076 insignitam
1522 2013 1674 2081 fuisse,

263 2102 394 2156 atque
422 2098 553 2138 unam
582 2091 864 2156 eamdemque
899 2089 1090 2138 tunicam
1122 2091 1241 2138 vario
1274 2090 1449 2138 nomine
1485 2089 1643 2139 dictam
1660 2129 1672 2148 ‚
1726 2095 1732 2101 ⁴

265 2168 630 2234 quemadmodum
652 2168 748 2234 ipsa
773 2179 876 2230 toga
900 2167 1036 2215 virilis
1051 2206 1062 2227 ,
1086 2179 1130 2216 et
1152 2167 1291 2216 libera
1308 2167 1465 2226 etiam,
1494 2187 1544 2217 ac
1565 2187 1676 2234 pura

262 2245 524 2302 vocabatur3
548 2257 623 2311 aut
643 2257 803 2293 rectam
825 2264 924 2293 cum
947 2244 1159 2293 laticlavia
1181 2257 1391 2302 summm,
1415 2257 1466 2293 ut
1489 2246 1579 2293 haec
1603 2265 1674 2294 su-

262 2323 432 2387 perior,
457 2321 531 2370 illa
551 2335 664 2371 esset
687 2323 882 2371 inferior.
914 2323 1085 2371 Deinde
1111 2342 1293 2389 parvum
1323 2335 1389 2371 est
1410 2322 1640 2372 discrimen
1660 2360 1672 2381 ,

264 2399 300 2446 si
334 2399 452 2447 dicas
491 2398 747 2447 laticlaviam
782 2398 974 2447 tunicam
998 2418 1096 2448 cum
1127 2411 1233 2463 toga
1257 2398 1396 2458 virili,
1428 2398 1495 2448 vel
1527 2400 1673 2450 statim

304 2524 486 2579 ¹[Qi1aesit.
504 2543 565 2575 per
583 2530 690 2574 Epist.
707 2529 763 2564 lib.
781 2529 838 2573 11,
857 2543 929 2576 cap.
947 2545 975 2565 2.

302 2587 318 2606 ²
339 2585 422 2620 Not.
438 2585 474 2619 in
495 2586 640 2620 Sue-ton.
657 2585 746 2630 Aug.
761 2599 832 2631 cap.
849 2586 901 2621 38.

303 2641 317 2662 ³
340 2642 419 2676 Not.
437 2641 474 2675 in
492 2641 637 2676 Sueton.
655 2642 759 2685 Vesp.
773 2652 844 2686 cap.
864 2654 893 2674 2.

302 2698 316 2720 4
339 2697 495 2732 Analect.
514 2710 586 2741 cap.
603 2709 654 2731 20.
