1794 3100
247 244 328 288 156
665 250 717 291 P.
756 249 1004 293 OVIDII
1044 251 1223 294 VITA

239 337 409 404 aliaque
428 339 672 404 spectacula
689 341 823 390 fulsse
840 341 895 388 ab
909 342 1116 404 Augusto
1138 342 1251 391 edita
1264 380 1276 400 ‚
1304 342 1414 392 clare
1430 345 1536 393 satis
1554 345 1660 395 Vel-

239 414 314 462 leii
331 427 562 464 contextus
582 417 746 465 indicat
762 438 771 476 ;
791 437 841 466 ex
858 438 979 467 more
994 420 1199 468 nimirum
1216 432 1392 487 recepto
1412 421 1459 469 id
1474 421 1660 482 factum,

241 504 293 539 ut
325 491 451 557 plura
483 493 528 540 id
569 513 707 556 genus
740 496 1116 544 consecrationum
1140 497 1332 564 exempla
1355 499 1657 565 comprobant.

244 570 318 617 Sic
340 570 433 636 ipse
451 570 684 634 Augustus
703 573 749 621 in
772 573 929 622 theatri
946 574 1144 624 Marcelli
1167 576 1436 627 dedicatione
1458 577 1576 625 ludos
1586 577 1660 625 de-

244 646 335 704 dit;
361 649 728 715 quemadmodum
757 663 799 699 et
823 651 955 718 paulo
979 665 1078 701 ante
1098 653 1267 702 Balbus
1303 673 1430 702 suum
1457 653 1660 703 dedicans

242 723 460 772 theatrum
482 728 710 790 spectacula
733 727 1014 786 exhibuerat,
1039 741 1239 777 narrante
1258 729 1403 777 Dione
1427 736 1456 776 ¹.

309 800 559 851 Clarissime
577 823 678 852 vero
700 804 872 853 Ovidius
889 805 1105 868 significat
1117 843 1128 863 ‚
1148 805 1279 854 ludos
1298 806 1515 871 solemnes
1529 806 1667 854 Marti

245 897 391 927 sacros
407 916 419 936 ‚
444 892 486 927 et
507 882 685 947 quidem
705 882 763 930 ob
789 882 1000 948 templum
1019 884 1074 931 ab
1097 884 1303 945 Augusto
1323 884 1369 930 in
1388 902 1468 931 suo
1485 884 1600 932 Foro
1624 883 1666 930 ei

245 967 545 1003 constructum
561 993 572 1015 ,
601 969 652 1004 IV
677 960 794 1006 IDUS
817 959 975 1006 MAIAS
994 959 1047 1006 in*
1061 959 1177 1007 circo
1198 958 1440 1007 celebratos
1458 978 1549 1008 esse
1563 959 1664 1016 ‚uti

240 1031 326 1095 jam
350 1031 457 1081 alibi
484 1040 500 1057 ²
528 1033 658 1082 nobis
681 1034 973 1083 observatum.
1014 1038 1247 1084 Fastorum
1278 1035 1394 1084 enim
1419 1035 1498 1085 lib.
1529 1037 1586 1094 V,
1609 1034 1664 1083 ad

245 1128 342 1158 eum
368 1111 483 1160 diem
507 1114 672 1161 Noster
694 1113 812 1160 canit
838 1132 862 1160 a
889 1132 997 1161 vers.
1026 1112 1119 1160 550
1140 1133 1150 1160 :

504 1217 616 1252 MARS
632 1217 727 1252 venit
742 1232 749 1259 ;
769 1224 804 1252 et
820 1217 964 1252 veniens
982 1217 1101 1252 bellica
1118 1218 1215 1263 signa
1230 1217 1337 1252 dedit.

461 1277 596 1312 ULTOR
613 1276 653 1323 ad
672 1277 742 1322 ipse
758 1290 837 1312 suos
852 1277 935 1311 caelo
952 1277 1128 1312 descendit
1145 1289 1316 1313 BONORES
1327 1305 1337 1321 ,

504 1338 719 1383 Templaque
737 1339 771 1372 in
787 1338 939 1383 Augusto
955 1338 1197 1385 conspicienda
1202 1339 1293 1387 spro.

460 1397 506 1431 Et
521 1397 617 1431 Deus
636 1405 685 1432 est
708 1398 850 1443 ingens,
869 1405 904 1433 et
920 1412 1006 1444 opus
1020 1411 1027 1432 :
1041 1399 1188 1433 debebat
1208 1398 1244 1432 in
1263 1398 1348 1433 urbe

502 1459 581 1493 Non
604 1459 703 1493 aliter
718 1459 789 1493 nati
805 1461 902 1493 Mars
918 1459 1071 1494 habitare
1087 1460 1139 1494 sui
1155 1486 1164 1504 ,
1186 1466 1250 1494 etc.

242 1547 411 1595 Deinde
436 1568 571 1614 quum
605 1548 757 1614 templi
787 1548 801 1573 ³
838 1561 1093 1597 ornamenta
1115 1550 1211 1597 fuse
1243 1547 1495 1615 complexus
1528 1560 1664 1606 esset,

243 1636 625 1690 enumerassetque
648 1644 766 1672 arma
801 1637 845 1672 et
875 1624 1015 1691 spolia
1039 1625 1092 1672 de
1120 1624 1328 1672 hostibus
1352 1635 1476 1690 capta
1495 1661 1506 1681 ‚
1540 1621 1669 1671 affixa

242 1702 474 1767 postibus,
499 1715 630 1769 atque
654 1703 910 1769 explicasset
932 1703 1048 1751 unde
1072 1705 1198 1750 [Mars
1229 1721 1474 1765 cognomen
1513 1701 1670 1750 Ultoris

242 1777 473 1835 habuerit,
507 1798 671 1844 curque
709 1778 921 1845 templum
949 1778 1087 1826 eidem
1122 1778 1169 1825 in
1202 1777 1395 1840 Augusti
1424 1777 1521 1824 soro
1555 1795 1668 1824 con-

246 1867 462 1903 structum
478 1875 487 1913 3
514 1855 634 1921 quod
654 1874 809 1922 nempe
828 1858 951 1904 Mars
969 1858 1173 1918 Augusto
1190 1856 1327 1922 patris
1342 1873 1490 1903 necem
1505 1893 1516 1914 ‚
1539 1857 1670 1904 Cras-

245 1934 372 2000 sique
394 1947 437 1983 et
461 1934 647 1983 Antonii
665 1934 808 1983 clades
825 1935 1030 1983 ulciscenti
1042 1934 1240 1983 adfuerat
1256 1932 1272 1964 4
1298 1955 1307 1982 ε
1329 1934 1502 1982 tandem
1519 1934 1666 1993 addit,

286 2069 297 2087 ¹
324 2066 398 2100 Lib.
416 2067 515 2110 LIV,
531 2080 605 2113 pag.
629 2068 703 2113 539.

284 2129 300 2147 ²
321 2127 402 2160 Jani
418 2126 556 2171 Templ.
570 2127 688 2161 Reser.
704 2140 735 2172 p.
753 2127 827 2162 323.

282 2186 297 2207 3
321 2187 406 2231 Ejus
427 2186 560 2231 effigies
583 2187 620 2220 in
639 2188 740 2221 variis
762 2187 909 2232 Augusti
939 2188 1092 2223 nummis
1115 2189 1290 2233 cernitur,
1320 2188 1436 2234 quales
1459 2187 1668 2232 jamdudum

241 2242 435 2287 complures
466 2243 531 2276 viri
564 2242 657 2277 docti
681 2243 937 2286 exhibuerunt3
964 2244 1050 2278 Ant.
1080 2245 1296 2290 Augustinus
1310 2271 1320 2288 ‚
1355 2244 1487 2278 Sebast.
1517 2242 1640 2277 Erizzo
1657 2269 1666 2286 ‚

243 2298 421 2341 Goltzius,
448 2299 656 2333 Torrentius
676 2299 718 2333 ad
743 2299 890 2334 Sueton.
917 2299 1007 2346 Aug.
1030 2313 1102 2345 cap.
1120 2314 1163 2348 29
1176 2327 1186 2344 ,
1212 2299 1347 2345 aliique.
1365 2300 1439 2334 Nec
1453 2299 1523 2333 rari
1535 2305 1617 2333 sunt
1631 2299 1669 2333 in

243 2353 420 2388 hodiernis
445 2367 521 2387 rem
556 2354 787 2398 antiquariam
812 2355 1001 2390 colentium
1028 2354 1185 2390 Cimeliis
1201 2381 1210 2397 ‚
1244 2353 1435 2400 praesertim
1459 2352 1670 2398 Anglicanis.

241 2411 507 2455 Repraesentant
523 2408 685 2443 nonnulli
704 2409 874 2454 templum
901 2410 937 2444 in
962 2411 1100 2456 fastigio
1123 2410 1318 2445 rotundum
1344 2422 1401 2444 sex
1421 2409 1671 2444 columnarum

242 2479 321 2500 cum
335 2467 444 2500 tribus
461 2466 564 2511 signis
582 2465 807 2509 militaribus,
827 2480 864 2501 ac
878 2466 931 2501 his
946 2466 1124 2501 hincinde
1141 2466 1255 2500 verbis
1273 2476 1282 2502 ἓ
1299 2474 1392 2499 ΜΔΕ.
1409 2476 1492 2500 ULT.
1508 2464 1672 2499 Aliorum

243 2522 379 2556 Postica
398 2523 553 2557 Martem
570 2522 707 2557 exhibet
721 2523 941 2557 cernendum
957 2523 992 2557 in
1010 2523 1128 2557 medio
1143 2522 1264 2567 templi
1292 2528 1442 2566 quatuor
1465 2519 1542 2555 coll.
1564 2527 1669 2555 stan-

242 2586 313 2612 tem
328 2604 337 2622 ,
363 2578 481 2613 dextra
498 2582 637 2625 signum
658 2580 821 2624 legionis,
845 2579 984 2615 sinistra
1006 2580 1144 2625 signum
1171 2578 1263 2613 aliud
1289 2577 1438 2612 militare
1459 2577 1534 2612 sine
1557 2576 1671 2622 aquila

244 2641 450 2677 tenentem3
467 2636 503 2669 in
523 2637 594 2671 imo
617 2646 736 2671 MART·
756 2648 839 2672 uL'r.
1622 2637 1624 2640 ’

286 2696 301 2718 4
326 2697 426 2730 Vers.
452 2696 516 2743 569
537 2710 599 2741 sqq
617 2710 657 2731 ea
675 2697 898 2742 prosequitur
914 2709 922 2730 ε
940 2711 958 2727 «
975 2696 1131 2730 Voverat
1143 2695 1211 2730 hoc
1221 2694 1358 2740 juvenis
1374 2701 1458 2729 tunc
1469 2719 1478 2737 ,
1495 2705 1603 2739 quum
1616 2692 1673 2738 pia

251 2750 385 2785 sustulit
409 2763 527 2795 arma,
545 2758 608 2786 etc.
640 2753 778 2796 Templa
800 2751 913 2796 seres,
940 2757 975 2786 et
991 2763 1048 2786 me
1069 2750 1198 2787 victore
1215 2749 1388 2786 vocaberis
1409 2750 1507 2784 Ultor
1519 2755 1583 2783 etc.
1598 2747 1673 2783 Nec
