1794 3100
258 247 344 289 550
710 239 1213 298 DISSERTAsrlo

256 336 472 389 Corripitur
487 344 611 377 autem
626 346 643 375 1
661 336 704 375 in
719 335 881 376 secunda
895 336 1045 375 Ovum
1060 335 1195 390 syllaba
1206 363 1218 383 ‚
1237 342 1356 385 prout
1368 335 1486 378 velex
1500 334 1670 376 Martiale

253 417 412 456 notum⁷
434 407 497 447 lib.
519 409 561 456 1,
584 407 703 462 epigr.
735 405 811 447 106
826 415 836 431 ¹
849 434 860 455 .,
885 406 950 446 ubi
967 406 1012 445 ad
1038 421 1147 445 suum
1163 400 1377 446 familiai-em
1396 407 1447 456 Q.
1463 406 1670 458 Ovidium:

253 480 306 519 In
328 479 597 526 Nomentanis,
621 479 754 520 Ovml
767 506 779 525 ‚
798 477 896 531 quod
912 478 1081 516 nascitur
1098 477 1198 516 areis
1209 507 1222 526 ,
1243 485 1315 517 etc.
1338 477 1512 531 Denique
1530 488 1578 517 ΙΙΙ
1591 507 1604 526 ,
1629 478 1670 518 in

253 542 450 591 ΟΥέΙΙΔΙΟΣ
475 564 556 590 non
575 549 693 589 modo
716 563 787 603 pro
805 559 820 587 1
835 548 954 587 vocali
972 548 1085 602 longa
1103 555 1197 596 stat⁷
1221 538 1287 587 sed
1313 555 1352 588 et
1367 562 1438 601 pro
1453 547 1671 602 'diphtongo

256 622 396 672 divisa,
417 619 521 675 jux'ta
535 621 695 661 formam
717 621 900 659 IoNchM
923 628 949 656 ¹.
974 619 1096 674 Igitur
1111 619 1429 672 quemadmodum
1447 626 1671 661 ΠΟΜΠΙΗΟΣ

250 694 292 732 in
311 691 486 732 Nummis
509 700 548 730 et
571 690 818 742 scriptoribus
842 689 988 730 Graecis
1006 696 1208 742 usurpatur
1232 703 1302 742 pro
1323 689 1526 730 latinorum
1550 690 1673 729 Pon-

253 753 482 804 PEJUs'non
503 776 593 803 vero
610 763 831 801 POMPEqu
849 776 859 807 3
887 760 938 798 ita
957 759 1208 800 et⁴0YH1A102
1229 773 1301 814 pro
1315 758 1495 800 anms
1513 759 1672 801 omnino

252 833 457 875 sumendus
471 862 483 881 ‚
504 846 739 888 nequaquam
761 845 851 872 vero
871 845 942 884 pro
959 831 1160 870 Ovlnms.
1486 827 1489 829 ’

306 906 403 944 XII.
432 903 508 943 His
534 902 584 942 ita
606 902 808 950 discussis,
832 901 981 952 penitus
1009 910 1235 942 evanescunt
1257 901 1319 942 Cl.
1346 901 1487 942 Salvini
1511 910 1523 928 ¹
1549 901 1673 942 dubia.

255 975 374 1025 Quod
391 988 478 1014 sane
493 973 656 1024 primum
672 972 804 1027 objicit
821 1001 832 1021 ‚
858 982 888 1013 H
905 973 991 1013 loco
1011 980 1071 1014 τοῦ
1088 984 1125 1022 1,
1139 987 1268 1027 sapere
1283 974 1483 1026 sequiorem
1503 980 1672 1022 oetatem,
1729 976 1736 983 ’

253 1046 350 1094 hoc,
371 1046 523 1099 inquam
535 1073 546 1094 ‚
563 1059 644 1085 non
659 1044 756 1083 bene
773 1044 878 1095 capio
893 1074 905 1093 ,
922 1044 1107 1098 siquidem
1122 1054 1166 1085 HI
1182 1044 1224 1082 in
1243 1052 1443 1085 ormAloz
1459 1059 1540 1084 non
1554 1044 1674 1098 magis

252 1124 326 1157 stat
339 1131 410 1168 pro
426 1128 440 1155 1
455 1145 467 1165 ‚
489 1130 600 1170 quam
615 1115 662 1155 vin
687 1124 926 1159 ΠΟΜΠΗΙΟΣ.
947 1123 990 1155 2⁰
1013 1118 1074 1157 Ex
1095 1116 1170 1156 hoc
1193 1115 1303 1155 etiam
1322 1115 1493 1170 exemplo
1508 1115 1676 1162 solvitur

254 1187 361 1241 quod
381 1187 515 1226 deinde
536 1187 672 1241 quaerit
688 1215 698 1235 ‚
723 1187 814 1240 quid
833 1200 968 1241 nempe
978 1187 1107 1236 saciat
1126 1188 1181 1226 ibi
1199 1190 1237 1227 τό
1259 1198 1274 1226 1
1294 1206 1342 1240 τῳ
1363 1197 1392 1226 Η
1414 1186 1676 1240 adscriptum?

253 1255 298 1296 3⁰
318 1259 423 1297 Dum
442 1266 554 1312 rogat
573 1258 666 1311 quid
685 1259 711 1298 S
734 1258 990 1297 Romanorum
1015 1259 1056 1296 in
1065 1256 1176 1309 fine,
1202 1253 1308 1299 vocis
1339 1257 1419 1297 scil.
1446 1265 1671 1306 ΟΥΠΙΔῙΟΣ,

251 1328 380 1374 facian
396 1329 518 1384 arguit
534 1328 685 1382 quidem
700 1336 830 1368 contra
846 1328 1034 1382 vulgatam
1049 1329 1206 1369 Nummi
1220 1325 1373 1368 iconem
1385 1356 1397 1377 .,
1415 1328 1570 1368 minime
1582 1340 1674 1368 vero

254 1408 388 1440 contra
409 1401 618 1439 Nummum
639 1393 762 1452 ipsum
779 1427 790 1447 ‚
817 1399 858 1437 in
887 1413 964 1452 quo
980 1413 1061 1438 non
1076 1399 1254 1438 Latinum
1266 1398 1293 1437 S
1310 1398 1376 1438 sed
1390 1408 1527 1449 purum
1541 1405 1676 1450 putum

257 1471 439 1511 Graecum
462 1479 484 1509 Σ
505 1478 670 1523 apparet.

309 1543 429 1582 XIII.
456 1541 593 1591 Quoad
607 1555 697 1582 vero
713 1541 949 1594 praecipuum
967 1540 1029 1581 Cl.
1048 1542 1271 1594 Spanhemii
1286 1541 1332 1580 ad
1348 1555 1389 1581 ea
1407 1541 1556 1580 Saloim'
1566 1540 1678 1581 dubia

255 1627 502 1667 responsum;
529 1629 548 1648 α
572 1612 652 1652 scil.
677 1627 716 1652 se
742 1612 842 1651 haud
869 1626 916 1652 eo
942 1610 1066 1651 minus
1097 1613 1226 1652 Ooidio
1249 1613 1351 1652 hunc
1373 1613 1581 1652 Nummum
1602 1613 1676 1652 tri-

260 1703 280 1719 »
304 1683 497 1723 buendum
520 1691 669 1736 putare3
698 1670 1051 1737 quod-adscriptum
1073 1683 1122 1723 sit
1148 1684 1189 1723 in
1215 1684 1350 1724 eodem
1374 1684 1543 1739 Nummo
1562 1711 1574 1732 ‚
1597 1697 1679 1724 non

258 1773 279 1790 »
306 1754 436 1796 Ovidii
459 1754 581 1794 solum
604 1769 747 1794 nomen
764 1784 775 1804 ‚
808 1754 874 1795 sed
895 1755 1018 1808 ipsum
1047 1753 1220 1794 Nasonis
1250 1755 1360 1794 etiam
1390 1768 1632 1810 cognomen3
1652 1772 1673 1790 n

259 1826 333 1866 hoc
346 1855 358 1874 ‚
382 1826 533 1879 inquam
545 1854 555 1874 ‚
571 1826 684 1880 gratis
702 1826 844 1866 dictum
865 1834 936 1866 est.
955 1826 1109 1868 Etenim
1125 1855 1136 1875 ‚
1162 1835 1206 1865 ut
1227 1827 1398 1877 superius
1418 1825 1650 1866 ostendimus
1664 1854 1676 1875 ‚

263 1904 302 1934 1⁰
328 1911 402 1936 vox
432 1897 474 1935 in
499 1898 670 1937 Nummo
695 1897 832 1938 Graeca
854 1906 1047 1938 ΟΥΗΙΔΙΟΣ
1074 1911 1307 1951 nequaquam
1329 1898 1531 1937 OvmlUM
1556 1896 1674 1951 signi·
1699 1911 1704 1914 ’

257 1968 343 2008 ficat
356 1997 367 2016 ‚
394 1977 460 2008 aut
480 1968 690 2022 significare
710 1977 862 2023 potest3
887 1977 928 2009 2⁰
944 1985 1019 2012 vox
1038 1970 1150 2009 altera
1166 1979 1318 2010 ΝΑΣΩΝ
1338 1969 1479 2009 ibidem
1500 1983 1581 2009 non
1600 1968 1677 2008 nisi

261 2038 411 2078 artificis
432 2037 564 2078 fraude
584 2067 595 2086 ,
631 2039 726 2079 clara
752 2041 838 2090 satis
868 2054 971 2080 nunc
1000 2041 1168 2080 cernitur
1187 2068 1198 2088 ‚
1226 2049 1266 2079 et
1290 2040 1443 2094 quidem
1466 2040 1555 2080 loco
1571 2068 1583 2088 ‚
1612 2038 1677 2078 ubi

260 2122 403 2158 nomen
425 2109 558 2156 Urbis,
580 2109 620 2147 in
642 2125 714 2162 qua
731 2125 931 2163 percussus
951 2119 1008 2150 est
1025 2112 1214 2151 Nummus
1229 2140 1240 2160 ‚
1265 2110 1383 2150 stabat
1403 2124 1483 2150 non
1505 2124 1614 2150 secus
1634 2123 1676 2148 ac

260 2179 301 2219 in
316 2178 395 2219 aliis
410 2179 585 2219 Nummis
599 2179 645 2219 ab
663 2181 748 2233 ipso
766 2180 826 2220 Cl.
841 2181 936 2221 Viro
953 2173 1107 2232 &blatis
1124 2209 1135 2228 ‚
1160 2190 1408 2222 ΚΑΙΣΑΡΕΩΝ
1426 2193 1573 2234 nempe.
1587 2182 1677 2220 Hoc

259 2258 386 2290 autem
407 2258 669 2299 evanescente,
693 2251 792 2290 haud
812 2252 969 2305 amplius
992 2260 1117 2305 patere
1133 2253 1259 2303 potuit
1274 2280 1286 2301 ‚
1309 2253 1502 2305 cujusnam
1519 2251 1695 2296 civitatis,

261 2322 447 2361 Nummus
470 2321 533 2359 ille
553 2321 690 2367 fuerit3
726 2331 855 2361 contra
884 2318 1242 2378 tamengeneralem
1270 2331 1309 2362 et
1336 2322 1414 2363 fere
1441 2329 1677 2362 constantem

262 2391 482 2432 Graecarum
503 2390 651 2431 urbium
671 2392 711 2430 in
735 2393 911 2432 Nummis
935 2393 1116 2433 cudendis
1142 2407 1299 2434 morem.
1327 2394 1417 2433 Hoc
1445 2391 1645 2431 absurdum
1663 2419 1675 2439 ‚

303 2552 315 2570 ¹
340 2550 432 2584 Vide
449 2557 483 2585 et
500 2550 557 2585 lib.
575 2551 648 2586 VII
662 2576 671 2594 ,
689 2536 744 2596 ep.
759 2563 851 2585 xun
865 2578 873 2594 ,
891 2562 985 2586 xnv.
1003 2552 1076 2586 Lib.
1093 2551 1169 2595 IX,
1187 2564 1240 2611 ef).
1257 2562 1344 2595 Lm,
1364 2561 1383 2585 c
1398 2577 1407 2594 ,
1425 2556 1490 2584 etc.

302 2620 318 2638 2
340 2620 373 2651 V
377 2619 422 2653 id.
450 2619 579 2665 Georg.
606 2619 750 2654 Martia.
778 2619 821 2653 de
849 2618 961 2654 Graec.
985 2619 1105 2655 Litter.
1133 2620 1305 2655 Pronunt.
1329 2633 1362 2665 p.
1390 2632 1454 2662 22,
1483 2616 1526 2652 ad
1546 2615 1673 2652 calcem

262 2676 415 2710 Merma-
432 2674 486 2708 ed.
505 2674 622 2710 Oxon.

302 2742 317 2763 ³
339 2744 381 2778 In
397 2743 474 2777 add.
490 2743 534 2777 ad
549 2744 590 2778 T.
611 2744 627 2777 1
641 2769 650 2786 ,
671 2743 713 2777 de
733 2744 852 2778 Praest.
873 2756 970 2778 num.
987 2757 1019 2788 p.
