1794 3100
737 205 902 250 IBIS.
1503 225 1532 269 9

86 367 93 372 ἡ
159 302 362 363 Deneget
382 297 570 348 adflatus
592 309 752 348 ventus
772 312 816 348 et
840 318 944 349 aura
968 319 1086 350 suos.

92 379 185 428 Nec
211 376 295 426 tibi
319 375 396 425 Sol
421 375 590 434 clarus,
613 395 695 424 nec
719 376 778 425 sit
801 376 884 425 tibi
912 377 1058 427 lucida
1083 377 1279 436 Phoebe;

157 454 417 503 Destituant
442 453 600 503 oculos
625 454 769 503 sidera
794 453 909 503 clara
934 467 1052 504 tuos.

1474 480 1535 504 llo

94 534 186 582 Nec
207 552 254 582 se
275 533 506 583 Vulcanus
520 572 532 592 ‚
557 553 637 582 nec
659 552 704 582 se
730 533 810 581 tibi
836 534 1032 600 praebeat
1052 552 1154 583 aer:

159 612 253 661 Nec
274 611 359 661 tibi
381 612 456 660 det
479 612 611 662 tellus
627 651 638 670 ‚
662 631 744 660 nec
769 611 852 662 tibi
876 625 1046 680 pontus
1069 613 1164 661 iter.

94 691 263 751 Exsul,
286 691 421 760 inops
440 711 575 750 erres,
602 691 832 759 alienaque
855 692 1009 755 limina
1029 691 1193 742 lustres
1208 730 1220 750 ‚

158 770 475 837 Exiguumque
497 782 623 837 petas
647 790 723 819 ore
747 783 960 819 tremente
977 770 1146 821 cibum.

92 849 186 898 Nec
210 867 374 916 corpus
401 847 611 915 querulo,
637 867 718 896 nec
743 868 867 898 mens
889 862 1011 898 vacet
1035 868 1148 913 aegra
1174 848 1355 907 dolore3

1480 862 1540 895 115

157 927 350 993 Noxque
375 925 446 975 die
467 926 641 989 gravior
662 926 719 974 sit
745 922 829 974 tibi
844 965 856 985 ‚
881 939 1011 975 nocte
1037 928 1144 976 dies.

95 1002 256 1070 Sisque
277 1003 412 1052 miser
436 1021 631 1070 semper;
654 1023 736 1052 nec
762 1004 823 1053 sis
846 1004 1113 1054 miserabilis
1135 1004 1243 1055 ulli:

169 1082 370 1131 Gaudeat
390 1083 583 1131 adversis
608 1083 771 1132 femina
793 1083 948 1150 virque
972 1085 1075 1133 tuis.

97 1159 292 1209 Accedat
314 1159 520 1227 lacrymis
542 1160 694 1209 odium
709 1198 720 1218 ‚
747 1161 998 1228 dignusque
1022 1173 1199 1228 putere,

164 1237 258 1301 Qui
279 1237 415 1296 mala,
439 1258 578 1305 quum
603 1238 756 1287 tuleris
778 1239 994 1306 plurima,
1021 1240 1150 1307 plura
1171 1241 1298 1290 feras.

1481 1266 1543 1290 120

99 1316 277 1384 Sitque,
303 1318 424 1385 quod
446 1330 513 1367 est
534 1337 704 1376 rarum,
733 1317 867 1367 solito
893 1318 1064 1383 defecta
1087 1319 1237 1368 favore

162 1395 390 1444 AErumnae
412 1395 546 1444 facies
571 1395 793 1443 invidiosa
815 1406 914 1443 tuae.

99 1471 333 1539 Causaque
354 1491 449 1521 non
472 1471 613 1530 desit,
641 1471 754 1520 desit
778 1471 862 1520 tibi
881 1472 1010 1539 copia
1033 1473 1210 1522 mortis:

164 1551 379 1618 Optatam
395 1550 539 1614 fugiat
562 1550 650 1600 vita
675 1562 827 1599 coacta
849 1570 1014 1600 necem.

96 1633 398 1698 Luctatusque
422 1629 499 1678 diu
525 1629 744 1679 cruciatos
768 1630 955 1697 spiritus
979 1641 1102 1679 artus

1483 1645 1544 1678 125

161 1709 371 1766 Deserat,
396 1720 440 1757 et
463 1707 600 1771 longa
626 1719 834 1774 torqueat
858 1719 962 1755 ante
982 1726 1118 1756 mora.

96 1788 340 1838 Evenient:
361 1786 486 1836 dedit
507 1786 602 1854 ipse
626 1785 737 1835 mihi
758 1786 894 1835 modo
920 1787 1048 1850 signa
1071 1785 1211 1835 futuri

162 1864 390 1923 Phoebus3
417 1876 463 1914 et
482 1884 509 1914 a
530 1863 637 1913 laeva
659 1875 817 1913 moesta
839 1863 1006 1912 volavit
1029 1863 1133 1912 avis.

102 1944 230 1994 Certe
253 1962 360 2007 ege,
385 1962 484 2010 quae
506 1961 644 1991 voveo
659 1981 672 2003 ‚
694 1943 895 2009 Superos
918 1954 1095 1992 motura
1118 1941 1317 2010 putabo,

168 2020 345 2089 Speque
365 2034 451 2072 tuae
471 2021 631 2071 mortis
644 2060 656 2082 ,
678 2019 846 2089 perfide
860 2058 872 2079 ‚
894 2039 1067 2087 semper
1090 2018 1192 2068 alar.

150 2140 164 2162 1
173 2140 223 2163 ιο.
243 2127 361 2162 Sidera
375 2130 480 2163 clara.
500 2129 630 2163 Cuncta
645 2134 787 2174 praestat

101 2179 227 2226 reponi
239 2192 321 2214 cum
329 2180 441 2216 tribus
450 2180 584 2227 seriptis
596 2193 604 2216 ι
616 2194 701 2216 nam
715 2183 786 2216 cla-

100 2245 159 2268 tus
173 2233 237 2267 Sol
246 2240 469 2278 praecesserat
485 2234 588 2278 paulo
605 2241 697 2270 ante.
714 2234 763 2280 H.

149 2300 164 2321 1
174 2300 184 2320 ι
190 2299 224 2333 9.
231 2288 432 2331 Dignusque
435 2289 573 2330 puleris.
583 2288 702 2324 Patere
710 2301 786 2324 me-

102 2337 219 2373 liores.

149 2405 222 2427 122.
236 2393 391 2427 Fortuna
394 2391 514 2437 facies
529 2393 696 2427 invidiosa
711 2399 785 2428 tuae.

100 2445 269 2480 AErumnae
277 2444 397 2490 scripti
408 2444 565 2490 plurimi,
580 2457 662 2480 cum
669 2445 694 2480 J
697 2446 788 2482 ureti
808 2450 815 2453 '⁷

100 2496 203 2531 libro.

149 2547 222 2582 123.
234 2549 412 2594 Causaque
421 2561 488 2583 non
500 2551 591 2583 desit
599 2575 608 2588 ‚
627 2550 717 2584 desit
726 2551 794 2584 tibi

101 2605 203 2646 copia
221 2605 346 2638 monelr.
364 2603 471 2638 Juxta
488 2601 727 2648 Sophocleum
746 2603 790 2637 il,-

102 2653 165 2689 lud
184 2653 224 2689 in
246 2654 387 2691 Electra
400 2682 409 2700 ,
428 2668 517 2691 vers.
540 2667 625 2690 ιοιο
642 2668 650 2689 :
668 2658 714 2691 Οὐ
730 2658 790 2705 γὰρ

106 2713 203 2743 §onesta
218 2710 358 2752 ῒχθιστον
371 2735 380 2752 ,
404 2708 469 2743 ἀλλ’
491 2710 561 2744 ὅταν
581 2716 680 2745 eon-112²)
698 2712 788 2759 Χρή-

107 2765 167 2803 §cn-u
189 2776 235 2800 τις
247 2785 257 2805 ,
276 2766 343 2798 εἶτα
358 2766 439 2806 μηδὲ
456 2761 537 2798 τοῦτ’
554 2765 611 2810 ἕχῃ
632 2766 743 2797 lacer-2.

1479 2036 1541 2069 130

899 2141 971 2171 ¹27·
984 2128 1160 2162 Evenient.
1176 2125 1339 2162 Omniin
1352 2139 1390 2161 re
1407 2126 1543 2173 agenda

852 2180 1086 2215 observabant
1103 2180 1257 2224 majores
1273 2180 1370 2225 signa
1386 2206 1395 2224 ,
1424 2192 1503 2225 quae
1523 2193 1543 2215 a

851 2231 1059 2267 numinibus
1070 2232 1244 2267 darentur
1255 2245 1263 2267 :
1277 2239 1316 2267 ut
1325 2239 1386 2267 aut
1397 2232 1451 2267 his
1461 2244 1543 2267 con-

852 2285 984 2320 firmati
999 2298 1075 2320 rem
1093 2285 1296 2320 inchoatam
1308 2285 1519 2331 perficerent
1532 2311 1542 2329 ,

853 2345 914 2373 aut
932 2337 1112 2384 perterriti
1133 2338 1353 2373 desisterent.
1371 2337 1544 2373 Inchoato

851 2390 959 2437 igitur
989 2390 1186 2426 devotionis
1218 2391 1375 2425 carmine
1398 2417 1408 2435 ,
1444 2389 1547 2436 fingit

852 2450 958 2490 poeta
984 2444 1080 2479 Deos
1104 2444 1204 2490 signa
1230 2442 1366 2478 dedisse
1382 2469 1392 2487 ,
1416 2443 1545 2489 quibus

855 2497 1117 2543 portendebant
1143 2498 1220 2543 ejus
1251 2498 1546 2543 imprecationem

854 2548 932 2585 fore
954 2556 1079 2584 ratam.

903 2602 974 2637 128.
990 2603 1041 2636 Et
1055 2615 1079 2636 a
1097 2604 1182 2636 leva
1196 2609 1328 2652 moes4a.
1348 2602 1434 2638 Caeli
1446 2611 1547 2649 parte

854 2654 993 2690 sinistra
1011 2667 1020 2689 :
1038 2656 1082 2690 ab
1097 2668 1137 2691 ea
1156 2655 1253 2690 enim
1273 2656 1444 2692 Romanis
1463 2669 1548 2703 pro-

856 2722 957 2756 spera
971 2709 1126 2756 auguria.
1143 2710 1258 2745 Graiis
1273 2717 1309 2745 et
1325 2710 1490 2746 Barbaris
1505 2723 1545 2746 ea

854 2762 1001 2798 meliora
1023 2770 1147 2808 erant,
1175 2776 1253 2809 quae
1281 2776 1301 2798 a
1327 2764 1450 2799 dextra
1473 2764 1548 2799 caeli
