1794 3100
278 251 364 309 298
715 248 1242 295 nEchTmNEs

276 340 532 408 praefatione
562 340 695 406 hujus
727 341 969 407 poematis,
1006 342 1129 409 quod
1153 342 1533 393 selectissimarum
1555 345 1692 394 totius

275 417 550 485 antiquitatis
577 416 825 466 fabularum
864 419 990 485 quasi
1021 437 1160 485 penus
1192 420 1370 486 quidam
1402 432 1493 477 est,
1515 419 1691 488 aliquid

275 495 511 544 verborum
530 493 646 552 fieri,
663 513 754 543 non
772 495 1159 550 inconsentaneum
1179 496 1297 546 duxi.
1320 498 1469 564 Atque
1485 497 1538 547 de
1554 499 1692 548 ratio—

274 572 409 621 nibus
442 571 531 619 illis
562 572 1014 636 attentiuscogitanti
1044 574 1187 641 primo
1213 575 1411 624 omnium
1433 576 1479 624 in
1493 589 1691 626 'mentem

272 649 391 697 venit
411 649 616 698 admirari
634 661 827 699 veterum
852 650 1072 701 solertiam
1089 689 1102 710 ,
1121 652 1229 718 ,qui‚·
1255 664 1306 701 ut
1328 652 1556 708 lenociniis
1589 654 1692 720 qui*

271 728 458 777 busdam
473 728 642 777 animos
655 728 883 779 hominum
896 747 919 777 a
934 749 1078 797 rerum
1093 730 1399 780 obscuriorum
1412 731 1691 795 indagatione

271 805 582 863 abhorrentes,
606 806 661 854 ad
684 807 938 859 discendum
958 807 1232 875 pellicerent,
1255 808 1530 875 scientiaque
1545 810 1690 876 ipsius

271 883 565 932 austeritatem
596 884 870 954 jucunditate
903 886 1088 953 quadam
1122 886 1248 952 quasi
1273 886 1530 942 edulcarent
1544 923 1557 945 ‚
1596 888 1690 936 -duo

269 961 506 1013 consectati
529 961 669 1019 fuere,
690 963 746 1014 in„
761 962 923 1027 quibus
941 962 1183 1029 plurimum
1202 975 1316 1012 esset
1330 963 1567 1021 illecebrae,
1585 967 1690 1013 isua-

267 1039 444 1087 vitatem
460 1038 627 1090 scilicet
643 1059 926 1088 numerorum
944 1078 955 1098 ‚
976 1059 1026 1087 ac
1044 1051 1289 1088 commenta
1311 1040 1570 1089 fabularum.
1589 1041 1691 1104 Qua

266 1116 314 1164 in
336 1136 381 1165 re
394 1117 547 1182 judieii
569 1116 743 1165 illorum
769 1118 984 1167 rationem
1002 1118 1440 1176 minimetaberrasse‚
1454 1117 1580 1167 facile
1590 1119 1687 1167 ani—

265 1193 527 1250 madvertet,
553 1193 630 1259 qui
660 1193 712 1242 de
739 1194 884 1261 seipso
917 1194 1209 1258 conjecturam
1243 1194 1404 1245 fecerit.
1430 1194 1688 1245 Non-modo

265 1271 381 1318 enim
394 1270 700 1337 unusquisque
716 1283 917 1323 nostrum
934 1271 1179 1337 experitur,
1191 1289 1336 1338 quum
1355 1271 1585 1338 maxim*
1597 1290 1690 1320 esse

263 1350 310 1398 in
330 1350 617 1415 jucunditatis
642 1349 929 1400 delectatione
955 1350 1152 1399 discendi
1174 1349 1449 1412 illecebra-m,
1474 1354 1568 1399 tuin
1591 1351 1688 1399 ani-

262 1446 383 1478 mum
401 1447 457 1494 qu
464 1447 577 1494 oque
591 1429 738 1494 ipsum
752 1429 952 1477 oratione
963 1427 1155 1476 numeris
1170 1427 1376 1477 adstricta
1389 1428 1542 1491 magis,
1555 1431 1687 1494 quam

264 1504 430 1561 soluta,
458 1505 637 1555 excitari
656 1525 666 1553 :
692 1505 767 1554 sed
787 1517 832 1555 et
852 1505 1011 1553 mentis
1031 1504 1595 1568 sensumingeniosissimis
1613 1505 1687 1552 fa-

264 1581 467 1632 bularum
490 1583 710 1645 figmentis
732 1583 990 1640 delinitum,
1017 1583 1071 1631 ad
1093 1582 1378 1631 scientiarum
1387 1582 1686 1646 'eogufitionem

264 1659 388 1723 quasi
406 1659 686 1709 condimento
700 1659 896 1725 quodam
916 1658 1139 1708 obsonari.
1154 1658 1295 1722 Quod.
1309 1676 1446 1724 quum
1461 1657 1523 1705 ita
1540 1676 1588 1706 se
1601 1657 1687 1705 ha·-

264 1734 366 1783 bere
386 1736 672 1792 existimaret,
691 1734 911 1797 singulare
926 1737 1119 1801 Europae
1133 1746 1460 1792 ornamentum,
1477 1734 1687 1783 Erasmus

266 1812 617 1869 Roterodamus‚
648 1812 863 1879 poeticam
887 1810 1123 1859 collatione
1146 1811 1378 1878 placentae,
1403 1830 1455 1859 ex
1490 1812 1686 1859 omnium

264 1889 591 1957 disciplinarum
617 1889 782 1938 deliciis
804 1908 855 1937 ac
876 1888 1080 1936 medullis
1103 1889 1290 1936 conditae
1307 1925 1318 1945 ‚
1354 1900 1449 1936 tum
1482 1888 1685 1937 similitu-

264 1969 365 2018 dine
395 1969 635 2035 compositi.
656 1987 708 2016 ex
730 1967 1002 2016 electissimis
1037 1966 1287 2033 quibusque
1319 1966 1683 2015 flosculis‘melli—

263 2046 372 2105 ficii,
394 2045 684 2095 adumbravit.
707 2045 820 2093 Sane
836 2045 1066 2093 Lucretius
1087 2056 1239 2112 poeta,
1260 2057 1398 2110 quum
1408 2044 1682 2106 ηαγμκτύαν

263 2124 316 2172 de
337 2137 659 2173 naturarerum
684 2123 803 2184 gravi
833 2122 1054 2188 plenoque
1079 2122 1269 2171 carmine
1294 2123 1407 2170 esset
1429 2120 1683 2187 complexu·-

259 2222 335 2252 rus
349 2239 360 2260 ‚
388 2201 561 2252 consilii
583 2201 651 2249 sui
669 2201 884 2252 rationem
908 2199 1055 2248 reddit
1070 2218 1162 2248 non
1180 2197 1500 2265 discrePan-te'm
1517 2198 1574 2245 ab
1595 2198 1680 2246 hoc

260 2292 454 2329 veterum
475 2279 680 2327 instituto
695 2316 706 2334 ‚
732 2297 914 2344 eamque
938 2279 1150 2342 παριζολῇ
1165 2277 1348 2343 exponit
1367 2294 1456 2324 non
1473 2277 1682 2324 inconve-

262 2359 407 2406 niente
422 2360 590 2423 ‚.quam
613 2367 797 2423 propter
821 2354 1085 2417 singularem
1106 2366 1382 2413 venustatem.
1401 2353 1489 2402 huc
1519 2353 1683 2402 adscri-

258 2435 361 2483 bere
379 2437 523 2501 oper'ae
544 2435 735 2500 pretium
753 2434 957 2482 duximus
970 2471 982 2490 ‚
1018 2433 1221 2481 versibus
1239 2429 1327 2480 ‘his
1347 2431 1682 2495 elegantissimis

261 2511 315 2558 ab
343 2529 391 2559 eo
412 2511 792 2578 comprehensam,
812 2510 890 2558 lib.
916 2512 993 2567 lv,
1019 2529 1129 2559 vers.
1164 2509 1339 2558 10-25:

472 2643 512 2677 Id
531 2655 668 2687 quoque
684 2643 780 2677 enim
799 2655 873 2676 non
890 2642 931 2677 ab
949 2642 1044 2676 nulla
1060 2643 1195 2677 ratione
1211 2641 1350 2680 videtur
1368 2656 1379 2676 τ

473 2702 543 2736 Sed
564 2703 669 2737 veluti
687 2703 802 2747 pueris
818 2700 988 2737 absinthia
1006 2709 1096 2737 tetra
1114 2701 1297 2737 medentes

459 2803 462 2805 ,
475 2762 599 2806 Quum
615 2762 697 2797 dare
713 2769 886 2797 conantur
898 2788 907 2804 ,
925 2762 1019 2807 prius
1033 2757 1109 2798 oras
1124 2762 1245 2807 pocula
1260 2762 1392 2797 circum
