1794 3100
586 246 714 289 PER
747 246 791 288 J.
828 245 1132 290 MAssoN.
1523 262 1575 306 91

212 338 427 392 Attainen
443 377 454 398 ‚
479 338 602 406 quod
625 339 750 405 prius
771 338 891 387 haud
912 337 1116 386 invalidis
1139 337 1427 404 probaveram
1451 357 1581 401 argu·

149 418 334 476 mentis,
355 418 403 466 id
424 418 571 484 ipsum
591 416 774 465 biennio
798 416 970 465 circiter
989 427 1095 483 post
1115 415 1225 464 meis
1248 414 1387 464 oculis
1409 416 1585 466 demon-

150 497 305 548 stravit
323 495 511 563 ipsemet
528 514 735 545 nummus
752 497 906 544 Romae
919 494 1146 561 inspectus
1157 532 1169 553 ‚
1191 505 1235 542 et
1251 493 1484 557 diligenter
1496 506 1587 543 tra-

151 584 294 622 ctatus
320 571 516 621 :scilicet
551 572 706 621 eodem
739 571 948 638 primitus
980 573 1141 632 VEDH·
1166 590 1327 620 nomen
1364 571 1586 633 signatum

150 648 311 706 fuisse,
343 668 438 701 non
472 668 576 698 vero
614 649 789 703 OVIDII
823 650 1045 697 NASONIS.
1080 647 1218 712 Quod
1242 648 1316 696 hic
1339 647 1587 706 monuisse,

152 727 258 776 satis
269 727 402 777 fuerit
414 765 426 785 ‚
446 746 583 795 quum
599 725 846 790 longiorem
858 727 940 775 hac
958 726 1011 774 de
1025 744 1073 774 re
1091 726 1447 792 disquisitionem
1467 725 1589 792 operi

147 805 369 871 praefixam
391 804 532 854 lector
553 805 727 854 habeat.

213 885 273 932 II.
288 884 557 934 Nominibus
574 895 717 952 poetae
730 884 786 931 N.
809 881 1117 947 subjungenda
1135 881 1255 930 venit
1273 881 1365 947 ejus
1388 893 1585 939 ΡΑΤΙΠΑ,

108 1015 112 1017 μ
151 974 204 1012 ut
226 963 458 1031 ipsiusmet
480 963 740 1012 methodum
762 981 1022 1030 sequamur:
1043 980 1166 1010 suam
1188 962 1304 1011 enim
1323 962 1458 1011 vitam
1481 961 1585 1028 pin-

153 1058 261 1103 gens
276 1078 288 1099 ,
316 1040 378 1090 sic
400 1040 575 1090 orditur
591 1078 603 1098 ‚
627 1040 765 1089 Trist.
791 1039 870 1087 lib.
896 1041 974 1098 IV,
1002 1038 1127 1102 Eleg.
1148 1053 1180 1087 Χ
1200 1058 1210 1086 :

373 1139 436 1175 Ille
455 1152 521 1185 ego
532 1166 542 1183 ,
561 1140 620 1185 qui
637 1139 768 1175 fuerim
780 1165 790 1182 ,
810 1147 1017 1175 tenerorum
1033 1138 1130 1174 lusor
1145 1151 1328 1182 amorum,

420 1199 543 1245 Quem
560 1199 663 1245 legis,
681 1206 721 1235 ut
739 1200 835 1234 noris
847 1226 857 1243 ,
879 1200 995 1245 accipe
1012 1226 1021 1243 ‚
1041 1199 1234 1245 posteritas.

319 1264 321 1266 ’
374 1259 508 1295 Sulmo
528 1259 616 1295 mihi
633 1261 784 1295 ΡΑΤΜΑ
798 1267 851 1295 est
863 1287 871 1301 ‚
892 1260 1011 1306 gelidis
1031 1260 1231 1295 uberrimus
1247 1259 1371 1305 undis,

424 1320 538 1356 Millia
554 1322 612 1367 qui
629 1321 750 1356 novies
768 1321 872 1357 distat
891 1322 932 1356 ab
951 1322 1050 1356 Urbe
1067 1321 1200 1356 decem.

373 1381 500 1418 Editus
514 1382 569 1418 hic
586 1395 652 1429 ego
671 1395 762 1418 sum.

155 1459 278 1509 Idem
303 1471 349 1508 et
370 1460 418 1508 in
440 1442 611 1520 Fastis,
636 1459 716 1509 lib.
742 1462 821 1519 IV,
847 1480 909 1510 vs.
933 1459 1077 1527 79-81
1100 1498 1112 1518 ‚
1137 1471 1348 1519 testatur,
1374 1460 1594 1527 simulque

154 1537 309 1605 patriae
333 1538 609 1587 conditorem
631 1539 801 1589 indicat
819 1538 1032 1610 Solymum
1061 1545 1070 1564 ¹
1093 1577 1105 1598 ‚
1134 1539 1211 1606 qui
1232 1550 1357 1606 capta
1375 1539 1509 1605 Troja
1530 1559 1598 1588 co-

156 1615 339 1667 mitatus
362 1628 429 1667 est
450 1615 646 1666 AEneam
665 1637 681 1665 .-

377 1716 496 1761 Hujus
515 1723 591 1751 erat
606 1716 786 1752 SOLYMUS
805 1716 959 1764 Phrygia
976 1729 1094 1751 comes
1110 1716 1207 1751 exsul
1225 1716 1266 1750 ab
1286 1715 1369 1751 Ida:

426 1778 460 1812 A
476 1790 547 1823 quo
565 1777 762 1813 Smmoms
781 1778 910 1812 moenia
926 1790 1060 1812 nomen
1078 1777 1221 1813 habent.

378 1838 577 1874 SULMONIS
593 1837 698 1883 gelidi
714 1839 835 1883 patriae
848 1865 857 1882 ‚
888 1838 1100 1874 Germanice
1118 1865 1127 1883 ,
1149 1845 1290 1874 nostrae.

157 1917 372 1967 Eamdem
395 1917 521 1966 urbis
540 1917 756 1981 originem
777 1917 909 1966 Silius
931 1917 1108 1966 Italicus
1124 1929 1252 1966 notat
1267 1917 1345 1966 lib.
1366 1919 1433 1966 IX
1450 1917 1502 1966 de
1521 1916 1597 1966 Sa-

159 1995 256 2043 trico
279 1995 468 2064 loquens
485 2035 496 2056 ‚
519 1995 612 2044 cive
640 1995 959 2045 Sulmonense:

379 2095 476 2130 Huic
493 2095 620 2130 domus
634 2122 643 2140 ‚
662 2102 698 2130 et
716 2095 849 2143 gemini
865 2094 1010 2130 fuerant
1023 2096 1179 2130 Sulmone
1192 2094 1303 2130 relicti

380 2155 508 2207 Matris
521 2156 559 2190 in
572 2156 738 2192 uberibus
750 2155 825 2191 nati
839 2169 847 2197 ;
867 2156 1056 2192 Mancinus
1067 2182 1076 2200 ,
1095 2162 1131 2190 et
1145 2168 1217 2190 una

379 2216 536 2252 Nomine
553 2217 694 2253 Rheteo
708 2219 885 2265 Solymus:
899 2230 986 2253 nam
1003 2216 1171 2252 Dardana
1187 2216 1287 2262 origo
1300 2243 1310 2260 ‚

375 2278 425 2313 Et
443 2278 599 2324 Phrygio
616 2291 726 2324 genus
745 2293 765 2314 a
781 2292 911 2325 proavo
925 2307 934 2323 ,
957 2279 1017 2325 qui
1034 2286 1170 2324 sceptra
1181 2285 1320 2314 secutus

378 2339 506 2375 AEneae
520 2342 648 2375 claram
668 2341 778 2376 muris
794 2341 1005 2377 fundaverat
1021 2343 1132 2376 urbem
1144 2367 1154 2383 ‚

383 2400 438 2436 Ex
453 2414 527 2437 sese
545 2400 677 2436 dictam
694 2401 878 2437 Somrmon
889 2428 899 2446 ,
914 2400 1087 2437 celebrata
1102 2400 1235 2436 colonis
1249 2413 1257 2434 ε

383 2460 472 2497 Mox
491 2460 586 2497 Italis
603 2461 771 2508 paulatim
788 2461 908 2497 attrito
924 2461 1071 2499 nomine
1088 2463 1211 2497 Sulmo.

160 2539 273 2606 Ejus
295 2539 430 2590 situm
447 2580 460 2598 ,
499 2540 794 2589 amoenitatem
830 2540 1190 2608 fertilitatemque
1215 2539 1423 2608 graphice
1447 2550 1598 2587 noster

205 2658 221 2679 ²
242 2656 288 2692 In
304 2656 581 2693 nun-misianum
600 2657 906 2693 Termessensium
929 2658 1081 2693 occurrit
1099 2663 1303 2694 ΚΟΔΥΜΟΚ
1315 2683 1324 2700 ,
1352 2656 1447 2691 velut
1472 2668 1598 2690 eorum

162 2714 326 2760 antiquus
345 2714 449 2751 heros
465 2722 501 2750 et
519 2715 692 2751 eonditor.
718 2715 801 2750 vid.
825 2714 890 2750 CL
906 2715 1096 2761 spanhem.
1120 2715 1212 2751 Diss.
1228 2714 1273 2750 de
1288 2715 1410 2750 Praest.
1425 2714 1599 2750 Numism.

161 2784 196 2815 p.
210 2773 275 2819 479
287 2798 297 2816 ,
321 2771 402 2808 edit.
417 2771 520 2816 in-40.
539 2780 573 2808 at
588 2785 664 2818 pag.
682 2773 746 2807 563
763 2772 846 2808 edit.
862 2785 1006 2818 nuperae
1019 2772 1137 2808 in-sol.
