1794 3100
734 231 897 277 IBIS.
1479 231 1535 273 25

98 327 278 378 Viscera
300 326 364 375 sic
386 324 548 393 aliquis
570 325 784 394 scopulus
810 338 884 375 tua
907 324 1043 389 figat,
1069 337 1120 373 ut
1144 323 1251 374 olim

165 404 273 454 Fixa
297 403 382 453 sub
409 404 614 453 Euboico
642 403 776 452 Graia
800 403 920 452 fuere
945 403 1059 451 sinu.

101 486 256 552 thue
281 484 405 533 ferox
426 483 560 551 periit
582 496 626 532 et
648 482 833 532 fulmine
856 494 900 531 et
921 501 1097 549 aequore
1119 493 1300 549 raptor3

168 563 242 612 Sic
266 574 310 612 te
334 581 554 611 mersuras
576 561 753 627 adjuvet
776 561 893 625 ignis
918 580 1067 627 aquas.

101 641 235 690 Mens
259 660 442 708 quoque
467 639 530 689 sic
552 639 700 688 Furiis
723 658 875 688 vecors
898 640 1113 703 agitetur,
1138 650 1190 687 ut
1213 636 1278 686 illi

167 721 320 768 Unum
342 718 413 768 cui
436 730 533 767 toto
560 737 748 785 corpore
770 717 932 766 vulnus
955 729 1070 775 erat;

1477 645 1545 695 3413

103 796 535 864 thueDryantidae
558 795 826 863 Rhodopeia
847 814 982 859 regna
1005 794 1198 853 tenenti,

168 876 223 923 In
246 875 423 938 gemino
450 875 599 942 dispar
623 875 694 923 cui
719 874 832 941 pede
852 873 1000 922 cultus
1027 884 1146 931 erat3

105 954 171 1002 Ut
190 953 276 1002 fuit
298 953 456 1002 OEtaeo
483 952 735 1019 quondam,
761 970 1013 1018 generoque
1038 951 1302 1007 draconum,

169 1030 481 1097 Tisamenique
504 1030 643 1096 patri,
671 1029 1008 1097 Callirhoesque
1033 1029 1142 1078 viro.

152 1138 228 1182 341.
251 1139 391 1173 Viscera
411 1141 464 1174 sic
486 1141 611 1183 aliquis
635 1145 701 1173 etc.
727 1138 797 1173 Lo-

107 1201 247 1226 crenses
264 1189 425 1235 intelligit
440 1215 448 1232 ‚
469 1190 527 1235 qui
546 1197 623 1235 post
638 1203 797 1224 eversam

110 1241 258 1286 Troiam
270 1267 279 1284 ‚
300 1242 335 1275 in
352 1242 502 1287 patriam
520 1241 712 1277 redeuntes
725 1269 734 1285 ,
753 1243 798 1277 ob

109 1293 216 1329 unius
229 1292 345 1338 Aiacis
357 1305 483 1328 noxam
493 1320 502 1338 ,
514 1293 551 1328 in
563 1293 707 1328 Euboeae
718 1306 798 1340 pro-

110 1345 297 1381 montoriis
315 1345 442 1380 misere
465 1346 649 1391 naufragio
675 1345 799 1391 perie-

111 1404 197 1432 runt
209 1410 216 1439 ;
234 1404 276 1432 ut
287 1396 386 1443 Virg.
398 1397 483 1432 AEn.
499 1398 528 1440 l,
538 1398 581 1444 39
591 1411 654 1443 sqq
669 1396 797 1439 resert;

111 1449 204 1496 quod
221 1457 257 1485 et
271 1449 389 1496 Aiacis
403 1451 511 1495 ipsius
521 1450 685 1486 interitus
700 1450 801 1485 disti-

110 1504 177 1540 cho
191 1503 354 1551 proximo
370 1505 512 1540 indicat.
532 1505 641 1540 SALv.
656 1524 701 1531 —-
715 1506 798 1540 Sco-

104 1560 198 1604 pulis
206 1559 367 1604 tuafigat.
374 1558 542 1606 §copulas
553 1570 613 1592 sex
626 1557 756 1604 scripti.

150 1609 226 1654 343.
239 1608 568 1655 thnefiroaeperie‘t.
580 1610 802 1654 lmprecatur

112 1661 342 1696 laniationem
366 1661 525 1707 corporis
539 1688 548 1705 ‚
571 1662 681 1707 qualis
701 1661 802 1706 Aiaci

114 1712 211 1749 Oilei
241 1713 388 1760 contigit
420 1713 594 1759 naufrago
617 1727 625 1748 :
644 1714 803 1749 scribunt

114 1766 182 1802 hoc
191 1766 326 1803 sactum
337 1768 440 1803 ruisse
452 1795 462 1811 ,
474 1767 643 1814 quoniam
657 1767 805 1803 Cassan-

113 1819 216 1856 dram
227 1820 264 1856 in
277 1820 411 1867 templo
424 1821 574 1857 Palladis
587 1820 780 1857 violaverat
793 1837 802 1865 ;

114 1888 224 1921 quare
238 1874 421 1922 indignata
436 1875 567 1920 Pallas,
582 1876 695 1922 ipsum
714 1877 805 1911 circa

119 1926 346 1973 Caphar-eum
361 1928 649 1975 promontorium
662 1955 671 1973 ,
684 1928 805 1964 fulmi-

118 1990 166 2014 ne
181 1978 360 2023 interfecit
373 2006 383 2025 ,
401 1993 578 2027 navesque
596 1980 782 2027 dissipavit.

163 2030 239 2074 345.
255 2031 354 2067 H'ens
364 2046 500 2078 quoque.
514 2035 734 2079 imprecatur
746 2034 806 2068 fu-

120 2094 242 2117 rorem
256 2084 404 2127 mentis,
419 2086 530 2131 qualis
542 2087 691 2132 contigit
706 2087 808 2121 Mar-

122 2147 193 2182 syae
205 2161 215 2178 ,
233 2135 293 2180 qui
307 2134 399 2171 tibiae
409 2137 552 2174 inventa
563 2138 806 2175 modulatione

121 2186 211 2221 adeo
225 2193 278 2222 est
293 2186 403 2223 elatus
413 2213 423 2231 ,
437 2195 477 2224 ut
489 2189 662 2225 Phoebum
679 2191 716 2226 in
730 2204 809 2226 cer—

121 2245 244 2274 tamen
260 2239 503 2284 provocaverit
525 2254 534 2276 :
554 2242 590 2276 in
612 2256 682 2288 quo
700 2257 807 2290 supe-

119 2298 218 2327 ratus
242 2291 371 2338 pellem
397 2292 513 2327 amisit
532 2319 542 2337 ‚
569 2296 809 2343 pependitque

122 2358 164 2380 ex
182 2345 345 2391 platano:
367 2346 575 2382 Parrhasius
597 2355 632 2382 et
645 2348 809 2397 Micyllus

120 2398 189 2434 hoc
197 2398 241 2434 de
256 2399 361 2445 Ajace
372 2399 584 2435 Telamonio
596 2400 742 2448 intelligi
754 2415 810 2437 vo-

121 2449 201 2485 lunt
214 2450 296 2486 :sed
306 2458 429 2486 contra
441 2458 601 2487 mentem
613 2452 789 2500 Salvagnii
799 2480 810 2498 ‚

122 2503 183 2549 qui
197 2503 352 2549 priorem
369 2505 626 2550 expositionem
645 2506 779 2551 probat.

165 2555 243 2599 346.
264 2556 374 2591 Unum
385 2561 446 2602 qui
455 2564 525 2591 tolo
538 2570 673 2601 corpore
689 2561 812 2592 vulnus

122 2609 234 2643 babet.
260 2609 328 2642 Cui
346 2615 420 2643 erat
436 2609 460 2644 J
464 2617 552 2644 uret.
574 2614 635 2655 qui
647 2617 722 2645 erat
741 2610 812 2645 duo

122 2660 203 2703 alii;
228 2669 322 2697 recte
341 2675 348 2697 :
366 2662 456 2700 Μι-ῑ.
475 2664 530 2698 VI
542 2691 551 2706 ,
579 2677 668 2699 vers.
686 2665 751 2699 388
767 2664 812 2699 de

125 2712 269 2761 Marsya
286 2741 296 2758 ,
318 2716 391 2749 Nec
407 2719 585 2762 quicquam
602 2720 674 2751 m'sae'
688 2719 813 2752 vulnus

123 2773 214 2812 crat;
226 2767 284 2803 lib.
298 2767 386 2813 XV,
398 2782 446 2804 vs.
460 2772 525 2817 529
535 2770 578 2806 de
590 2770 787 2818 Hippolyto
801 2797 809 2815 ,

1483 1038 1551 1072 350

862 1151 1026 1183 unumque
1037 1144 1112 1173 era!
1119 1140 1234 1171 omnia
1245 1138 1376 1170 vulnus.
1389 1133 1423 1178 Q
1430 1131 1497 1167 uod
1506 1132 1556 1167 fe-

863 1190 976 1226 liciter
1001 1190 1168 1236 expressit
1195 1185 1345 1223 RKCINE
1358 1213 1368 1231 ,
1388 1187 1522 1221 Phedre
1538 1211 1548 1225 ‚

866 1244 945 1278 Act.
963 1245 1014 1286 V,
1026 1256 1071 1278 sc.
1085 1244 1125 1276 6:
1145 1268 1153 1276 .
1162 1269 1169 1276 .
1178 1269 1186 1276 .
1198 1248 1272 1276 tout
1280 1254 1343 1275 son
1354 1251 1452 1283 corps
1465 1237 1558 1272 n'est

864 1298 993 1330 bienldt
1007 1309 1048 1340 qu
1055 1296 1129 1329 'une
1140 1297 1248 1338 plaie.

909 1348 984 1392 347.
1003 1349 1112 1392 thue
1121 1347 1346 1392 Dryantl‘adae
1354 1346 1558 1389 Rhodopeia

864 1413 967 1444 regna
983 1405 1124 1435 tenente.
1140 1399 1343 1447 Lycurgum
1358 1424 1367 1441 ,
1386 1397 1563 1445 Dryantisv

866 1452 994 1495 filium,
1007 1451 1161 1497 intellige
1172 1478 1181 1495 ,
1196 1452 1256 1496 qui
1268 1451 1436 1485 Liberum
1451 1450 1495 1484 de
1507 1463 1559 1485 re-

867 1517 938 1550 gno
965 1503 1100 1550 fugavit
1116 1517 1124 1538 :
1143 1516 1251 1549 quem
1276 1516 1386 1549 quum
1412 1510 1560 1549 negaret

867 1557 989 1591 Deum
1005 1570 1079 1592 esse
1092 1582 1102 1600 ,
1121 1557 1318 1602 vinumque
1336 1556 1501 1599 bibisset,
1523 1562 1561 1590 et

868 1609 985 1644 ebrius
1000 1617 1154 1644 matrem
1171 1622 1272 1644 suam
1288 1609 1417 1643 violare
1431 1608 1560 1642 voluis-

867 1668 940 1705 set,
959 1669 1045 1697 tunc
1056 1662 1143 1697 vites
1158 1661 1317 1697 excidere
1332 1669 1384 1696 est
1398 1668 1560 1696 conatus:

870 1715 930 1760 qui
954 1714 1091 1750 insania
1109 1728 1128 1749 a
1148 1714 1278 1749 Libero
1300 1714 1455 1758 objecta,
1473 1725 1562 1747 uxo-

869 1780 945 1802 rem
971 1780 1072 1802 suam
1092 1774 1128 1802 et
1150 1766 1264 1802 filium
1285 1766 1488 1801 interfecit:
1506 1766 1562 1811 ip-

869 1834 1021 1866 sumque
1038 1821 1242 1868 Lycurgum
1256 1820 1363 1855 Liber
1379 1818 1561 1866 pantheris

871 1874 1000 1921 objecit
1018 1874 1054 1908 in
1075 1873 1249 1919 Rhodope
1263 1900 1272 1917 ,
1301 1874 1360 1919 qui
1385 1886 1488 1908 mons
1510 1878 1563 1907 est

873 1927 1034 1963 Thraciae
1047 1954 1057 1971 ,
1083 1927 1184 1972 cujus
1211 1926 1403 1971 imperium
1428 1925 1562 1960 habuit.

873 1981 943 2015 Hic
963 1979 1114 2015 traditur
1133 1992 1245 2014 unum
1264 1978 1393 2025 pedem
1412 1978 1477 2013 sibi
1498 1991 1563 2024 pro

871 2033 1000 2068 vitibus
1016 2032 1192 2067 excidisse.
1219 2032 1335 2077 Atque
1355 2030 1451 2066 hunc
1468 2047 1564 2076 μονο-

873 2090 1007 2137 κρήπιδα
1020 2086 1134 2122 Graeci
1148 2099 1288 2132 quoque
1302 2092 1474 2120 vocarunt
1488 2111 1496 2128 ‚
1510 2091 1565 2119 ut-

873 2148 955 2186 pote
967 2140 1076 2175 altero
1088 2140 1176 2186 pede
1187 2140 1363 2185 caeso,sive
1376 2139 1566 2174 laeso.Mlc.

873 2212 918 2220 ·-
927 2194 1160 2240 Dryantiadae.
1178 2195 1379 2239 Dryantidoe
1391 2191 1565 2226 meliores.

919 2247 997 2294 349.
1020 2247 1068 2280 Ut
1069 2246 1155 2291 suit.
1170 2244 1344 2280 Hercules
1357 2245 1494 2279 OEtaeus
1511 2242 1568 2277 di-

875 2306 951 2334 ctus
962 2306 1015 2334 est
1026 2299 1068 2333 ab
1082 2299 1169 2334 OEta
1181 2305 1318 2342 monte,
1331 2297 1365 2332 in
1382 2310 1453 2342 quo
1467 2296 1566 2332 arsit:

875 2350 930 2385 vel
943 2352 988 2386 ob
1001 2351 1158 2386 tunicam
1171 2357 1384 2386 venenatam
1397 2376 1407 2392 ,
1424 2349 1566 2384 missam

876 2416 896 2438 a
907 2403 1078 2449 Deianira
1087 2430 1096 2447 ‚
1110 2411 1149 2437 ut
1159 2403 1286 2438 fabulae
1300 2402 1444 2444 ferunt,
1459 2401 1566 2436 Ovid.

878 2456 933 2491 IX
950 2455 1152 2491 Metam.—-
1166 2457 1360 2500 Genemquc
1374 2456 1568 2490 draconum.

877 2506 1050 2542 Athamas
1062 2507 1098 2542 in
1110 2506 1269 2541 furorem
1287 2518 1406 2541 versus
1422 2513 1475 2541 est
1488 2532 1497 2550 ,
1516 2504 1568 2540 ira

878 2560 1031 2595 Junonis
1049 2573 1180 2606 :gener
1194 2560 1265 2595 fuit
1283 2559 1411 2595 Cadmi
1430 2560 1569 2595 etHar-

878 2612 1031 2647 moniaez
1050 2613 1110 2658 qui
1130 2612 1167 2647 in
1188 2612 1370 2661 Illyricum
1390 2612 1542 2659 profecti
1556 2639 1565 2655 ‚

878 2665 914 2699 in
928 2665 1098 2701 dracones
1113 2666 1204 2701 versi
1221 2673 1305 2702 sunt
1321 2679 1330 2702 :
1345 2666 1440 2701 unde
1458 2679 1567 2712 gener

879 2718 1075 2754 draconum
1091 2719 1204 2756 dictus
1221 2727 1283 2755 est.

924 2771 999 2806 350.
1016 2773 1050 2807 T
1045 2775 1250 2818 isamem‘que
1254 2776 1357 2818 patri.
1370 2773 1426 2807 De
1440 2771 1569 2807 Oreste
