1794 3100
573 259 705 303 PER
736 259 781 302 J.
817 256 1132 302 MASSON.
1486 272 1609 300 201.

142 348 348 422 gessisse,
372 364 424 402 ut
438 351 601 417 singuli
619 353 849 400 Fastorum
868 370 1040 400 menses
1059 348 1262 413 singulos
1281 349 1411 398 etiam
1436 350 1576 399 libros

142 429 562 499 complecterentur,
587 440 721 496 atque
744 447 789 477 se
808 427 987 476 illorum
1011 428 1098 493 jam
1120 445 1195 475 sex
1218 426 1458 475 exaravisse
1480 465 1490 484 ,
1518 437 1581 474 to—

142 512 286 568 tidem,
309 500 477 577 seu-sex
496 528 672 576 quoque
691 506 856 557 libellis
875 506 1069 570 signatos
1085 545 1097 565 ,
1114 525 1250 573 quum
1265 506 1407 573 patria
1427 505 1585 572 pulsus

144 603 222 641 est.
247 589 379 639 Adde
404 588 525 656 quod
549 588 586 637 si
615 599 746 655 poeta
768 586 857 635 illis
881 586 1028 635 verbis
1052 585 1321 649 significaret
1337 624 1348 643 ,
1385 604 1431 633 se
1458 586 1579 633 Fast.

146 681 218 718 ΧΠ
251 667 330 717 lib.
361 666 626 724 exaravisse,
649 678 730 714 etc.
769 665 830 714 sic
861 665 946 715 sibi
981 664 1300 713 contradiceret
1322 702 1333 722 ,
1355 682 1493 730 quum
1509 663 1587 711 ad-

145 745 235 803 dit,
261 745 306 793 id
333 763 448 811 opus
472 763 554 792 suo
577 742 734 792 exsilio
759 742 1000 809 abruptum
1024 741 1174 790 fuisse.
1202 742 1358 806 Neque
1378 751 1493 788 certe
1512 759 1586 788 ve—

146 835 279 883 teres,
302 823 420 871 inter
438 841 552 888 quos
574 832 641 869 est
664 820 944 877 Lactantius,
967 818 1049 868 alia
1072 819 1191 877 loca,
1215 832 1510 886 praeterquam
1533 837 1584 866 ex

146 922 221 952 sex
237 896 468 970 prioribus
484 902 718 949 Fastorum
742 898 868 947 libris
885 899 1119 965 proferunt
1135 937 1146 956 ,
1167 918 1260 946 non
1281 917 1385 946 vero
1406 916 1457 946 ex
1476 915 1587 964 pos-

149 979 407 1036 terioribus,
423 997 538 1044 quos
550 977 803 1027 existimant
822 977 1077 1043 deperditos
1095 997 1104 1035 ;
1131 977 1198 1025 uti
1217 976 1271 1025 cl.
1288 975 1433 1025 Nicol.
1452 975 1590 1024 Hein-

150 1059 244 1108 sius
270 1064 300 1121 ’ᾗ
316 1059 513 1116 notavit,
541 1057 618 1124 qui
649 1068 793 1105 tamen
814 1056 936 1104 haud
966 1069 1108 1116 recte,
1134 1068 1291 1105 nostro
1317 1055 1496 1123 quidem
1516 1055 1590 1120 ju—

151 1135 289 1193 dicie,
318 1134 473 1182 exinde
491 1132 719 1182 concludit
735 1170 747 1191 ,
782 1145 949 1182 certum
972 1153 1065 1182 esse
1082 1172 1094 1191 ,
1117 1133 1332 1200 reliquam
1355 1135 1589 1182 Fastorum

150 1223 321 1280 partem
340 1212 428 1277 jam
454 1223 554 1260 ante
579 1210 718 1259 multa
744 1210 890 1259 secula
913 1210 1203 1260 intercidisse.
1238 1212 1419 1259 Certum
1446 1222 1590 1259 tamen

149 1291 348 1349 videtur,
373 1301 551 1358 poetam
574 1290 620 1337 in'
646 1290 793 1338 animo
824 1288 1036 1337 habuisse
1061 1300 1105 1337 et
1127 1289 1315 1338 aliorum
1338 1290 1556 1338 mensium
1575 1326 1587 1347 ,

152 1369 207 1418 ad
234 1367 367 1416 finem
400 1385 543 1434 usque
567 1366 670 1415 anni
685 1403 698 1424 ‚
723 1367 881 1415 Fastos
904 1366 1174 1425 describere3
1201 1366 1422 1433 siquidem
1447 1367 1588 1424 canit,

150 1447 270 1495 Fast.
295 1445 374 1495 lib.
399 1447 494 1503 Ill,
519 1464 628 1494 vers.
661 1443 719 1511 57
747 1456 791 1493 et
816 1443 877 1492 58
899 1465 909 1493 :

374 1562 503 1596 Vester
517 1560 631 1595 honos
647 1570 787 1596 vmmz‘r
800 1587 810 1604 ,
828 1573 938 1606 quum
958 1560 1183 1595 Laurentalia
1202 1569 1345 1604 chM3

417 1623 592 1668 Acceptus
608 1621 733 1657 Geniis
752 1620 809 1656 illa
826 1621 1042 1657 Dncnmnm
1057 1622 1173 1657 habet.

220 1719 438 1767 Caeterum
451 1737 503 1766 ex
517 1717 671 1767 eodem
682 1717 900 1767 Tristium
915 1717 1015 1766 loco
1038 1729 1181 1785 patet,
1202 1717 1455 1767 Bachen'um
1470 1719 1591 1767 haud

153 1795 307 1845 leviter
325 1815 515 1854 errasse,
541 1816 678 1863 quum
702 1808 924 1855 censeret,
951 1796 1105 1845 Fastos
1132 1797 1188 1844 ab
1215 1797 1381 1846 Ovidio
1401 1809 1501 1846 ante
1523 1797 1593 1845 fu-

154 1896 254 1940 gam
280 1875 423 1925 editos
444 1895 552 1925 esse.
578 1876 692 1924 Vide
717 1895 814 1943 quae
839 1895 939 1943 sup.
965 1876 1022 1924 ad
1043 1895 1208 1925 annum
1234 1878 1290 1925 U.
1318 1877 1367 1926 C.
1394 1890 1591 1936 DCCLIX,

155 1965 310 2003 contra
334 1954 549 2013 diximus,
575 1966 620 2003 et
639 1954 716 2003 inf.
744 1954 800 2003 ad
824 1975 989 2005 annum
1013 1968 1184 2005 DCLXX.

219 2033 300 2079 XI.
326 2033 491 2080 Notare
515 2033 690 2081 tandem
717 2045 807 2091 est,
832 2033 887 2081 ad
906 2034 1026 2082 hunc
1052 2052 1218 2081 annum
1238 2045 1466 2083 exeuntem
1493 2053 1593 2101 per-

157 2108 295 2156 tinere
327 2108 560 2157 maximam
585 2109 683 2157 libri
709 2110 907 2158 Tristium
933 2110 1064 2177 primi
1075 2121 1268 2176 partem;
1303 2130 1439 2177 quum
1474 2122 1594 2158 totus

158 2186 218 2234 sit
241 2185 286 2233 in
311 2186 466 2236 itinere
492 2187 548 2235 ad
573 2187 714 2236 exsilii
735 2187 1103 2238 locum'exaratus
1118 2227 1130 2248 ,
1154 2190 1221 2237 uti
1240 2201 1372 2256 poeta
1394 2200 1592 2246 testatur,

157 2263 281 2327 Eleg.
310 2279 342 2313 x
368 2277 411 2313 et
433 2264 587 2313 ultima
610 2285 619 2313 :
651 2319 653 2322 Α

382 2374 503 2409 Litera
520 2387 753 2421 quaecumque
772 2382 823 2411 est
839 2383 915 2411 toto
931 2377 993 2412 tibi
1008 2377 1095 2413 lecta
1110 2377 1226 2412 libello
1238 2405 1246 2419 ,
1306 2410 1310 2414 .

423 2436 487 2472 Est
503 2436 588 2471 mihi
604 2437 756 2472 sollicitae
770 2442 914 2483 tempore
926 2437 1016 2474 sacta
1034 2439 1108 2473 viae.

385 2499 458 2534 Aut
473 2498 564 2534 hanc
582 2512 658 2543 me,
676 2499 779 2545 gelidi
798 2507 987 2535 tremerem
1005 2514 1115 2547 quum
1130 2513 1241 2535 mense
1253 2501 1447 2535 Decembris
1459 2527 1468 2544 ,

423 2559 648 2595 Scribentem
667 2560 792 2595 mediis
814 2562 949 2597 Hadria
968 2561 1053 2596 vidit
1069 2561 1188 2607 aquis:

382 2621 456 2656 Aut
467 2648 476 2664 ‚
493 2629 680 2667 postquam
698 2622 871 2659 bimarem
886 2636 990 2658 cursu
1006 2623 1246 2668 superavimus
1262 2625 1428 2662 Isthmon,

424 2681 615 2729 Alteraque
640 2691 691 2719 est
708 2691 833 2720 nostrae
849 2692 964 2721 sumta
981 2685 1098 2721 carina
1112 2685 1204 2730 sugae
1218 2711 1227 2729 ‚
1244 2691 1308 2720 etc.

210 2795 219 2814 ¹
246 2793 287 2828 In
306 2793 398 2829 Fast.
416 2794 472 2830 lib.
490 2795 640 2840 VI,s1n.
