<?xml version="1.0" encoding="UTF-8"?>
<!DOCTYPE html PUBLIC "-//W3C//DTD XHTML 1.0 Transitional//EN"
    "http://www.w3.org/TR/xhtml1/DTD/xhtml1-transitional.dtd">
<html xmlns="http://www.w3.org/1999/xhtml" xml:lang="en" lang="en">
 <head>
  <title>
</title>
<meta http-equiv="Content-Type" content="text/html;charset=utf-8" />
  <meta name='ocr-system' content='tesseract 3.04.00' />
  <meta name='ocr-capabilities' content='ocr_page ocr_carea ocr_par ocr_line ocrx_word'/>
</head>
<body>
  <div class='ocr_page' id='page_1' title='image "./quaeextantomniao08oviduoft_0370.png"; bbox 0 0 1794 3100; ppageno 0'>
   <div class='ocr_carea' id='block_1_1' title="bbox 252 220 1321 266">
    <p class='ocr_par' dir='ltr' id='par_1_1' title="bbox 252 220 1321 266">
     <span class='ocr_line' id='line_1_1' title="bbox 252 220 1321 266; baseline 0 0"><span class='ocrx_word' id='word_1_1' title='bbox 252 223 338 266; x_wconf 82' lang='lat'><strong>360</strong></span> <span class='ocrx_word' id='word_1_2' title='bbox 580 221 892 266; x_wconf 88' lang='lat' dir='ltr'><strong>NOTITIA</strong></span> <span class='ocrx_word' id='word_1_3' title='bbox 922 220 1321 266; x_wconf 86' lang='lat' dir='ltr'><strong>LITERARIA</strong></span> 
     </span>
    </p>
   </div>
   <div class='ocr_carea' id='block_1_2' title="bbox 245 314 1662 807">
    <p class='ocr_par' dir='ltr' id='par_1_2' title="bbox 245 314 1662 807">
     <span class='ocr_line' id='line_1_2' title="bbox 247 314 1662 377; baseline 0.003 -18"><span class='ocrx_word' id='word_1_4' title='bbox 247 324 294 359; x_wconf 91' lang='lat' dir='ltr'><strong>to</strong></span> <span class='ocrx_word' id='word_1_5' title='bbox 311 314 536 368; x_wconf 81' lang='lat' dir='ltr'><strong>feruntur,</strong></span> <span class='ocrx_word' id='word_1_6' title='bbox 561 331 611 358; x_wconf 85' lang='lat' dir='ltr'><strong>ea</strong></span> <span class='ocrx_word' id='word_1_7' title='bbox 627 314 786 359; x_wconf 85' lang='lat' dir='ltr'><strong>fabulis</strong></span> <span class='ocrx_word' id='word_1_8' title='bbox 797 331 878 376; x_wconf 91' lang='lat' dir='ltr'><strong>per</strong></span> <span class='ocrx_word' id='word_1_9' title='bbox 893 331 964 359; x_wconf 91' lang='lat' dir='ltr'><strong>me</strong></span> <span class='ocrx_word' id='word_1_10' title='bbox 981 315 1120 361; x_wconf 83' lang='lat' dir='ltr'><strong>lector</strong></span> <span class='ocrx_word' id='word_1_11' title='bbox 1136 315 1378 370; x_wconf 84' lang='lat' dir='ltr'><strong>adscribet,</strong></span> <span class='ocrx_word' id='word_1_12' title='bbox 1400 315 1590 377; x_wconf 74' lang='lat' dir='ltr'><strong>perinde</strong></span> <span class='ocrx_word' id='word_1_13' title='bbox 1609 326 1662 363; x_wconf 86' lang='lat' dir='ltr'><strong>ut</strong></span> 
     </span>
     <span class='ocr_line' id='line_1_3' title="bbox 249 386 1656 448; baseline 0.002 -17"><span class='ocrx_word' id='word_1_14' title='bbox 249 386 371 448; x_wconf 90' lang='lat' dir='ltr'><strong>quod</strong></span> <span class='ocrx_word' id='word_1_15' title='bbox 391 403 535 447; x_wconf 89' lang='lat' dir='ltr'><strong>nuper</strong></span> <span class='ocrx_word' id='word_1_16' title='bbox 554 388 728 447; x_wconf 85' lang='lat' dir='ltr'><strong>scripsit</strong></span> <span class='ocrx_word' id='word_1_17' title='bbox 757 389 995 442; x_wconf 88' lang='lat' dir='ltr'><strong>Mironius‚</strong></span> <span class='ocrx_word' id='word_1_18' title='bbox 1023 395 1035 412; x_wconf 88' lang='lat'>¹</span> <span class='ocrx_word' id='word_1_19' title='bbox 1057 389 1300 448; x_wconf 88' lang='lat' dir='ltr'><strong>relegatum</strong></span> <span class='ocrx_word' id='word_1_20' title='bbox 1323 390 1371 432; x_wconf 91' lang='lat' dir='ltr'><strong>in</strong></span> <span class='ocrx_word' id='word_1_21' title='bbox 1391 388 1656 434; x_wconf 76' lang='lat' dir='ltr'><strong>Calabriam.</strong></span> 
     </span>
     <span class='ocr_line' id='line_1_4' title="bbox 247 460 1656 522; baseline 0.002 -16"><span class='ocrx_word' id='word_1_22' title='bbox 247 460 355 506; x_wconf 90' lang='lat' dir='ltr'><strong>Vid.</strong></span> <span class='ocrx_word' id='word_1_23' title='bbox 389 461 573 505; x_wconf 89' lang='lat' dir='ltr'><strong>Bellorii</strong></span> <span class='ocrx_word' id='word_1_24' title='bbox 601 462 956 522; x_wconf 87' lang='lat' dir='ltr'><strong>Descriptionem</strong></span> <span class='ocrx_word' id='word_1_25' title='bbox 981 462 1203 522; x_wconf 86' lang='lat' dir='ltr'><strong>sepulchri</strong></span> <span class='ocrx_word' id='word_1_26' title='bbox 1222 463 1443 506; x_wconf 84' lang='lat' dir='ltr'><strong>Nasonum</strong></span> <span class='ocrx_word' id='word_1_27' title='bbox 1460 464 1517 506; x_wconf 90' lang='grc' dir='ltr'><strong>Τ.</strong></span> <span class='ocrx_word' id='word_1_28' title='bbox 1534 465 1626 509; x_wconf 86' lang='lat' dir='ltr'><strong>XII</strong></span> <span class='ocrx_word' id='word_1_29' title='bbox 1642 497 1656 517; x_wconf 95' lang='lat'>,</span> 
     </span>
     <span class='ocr_line' id='line_1_5' title="bbox 246 520 1657 594; baseline 0.001 -19"><span class='ocrx_word' id='word_1_30' title='bbox 246 532 385 575; x_wconf 87' lang='lat' dir='ltr'><strong>Thes.</strong></span> <span class='ocrx_word' id='word_1_31' title='bbox 415 531 524 575; x_wconf 90' lang='lat' dir='ltr'><strong>Ant.</strong></span> <span class='ocrx_word' id='word_1_32' title='bbox 557 532 703 576; x_wconf 77' lang='lat' dir='ltr'><strong>GraeV.</strong></span> <span class='ocrx_word' id='word_1_33' title='bbox 729 548 829 592; x_wconf 82' lang='lat' dir='ltr'><strong>pag.</strong></span> <span class='ocrx_word' id='word_1_34' title='bbox 872 533 999 576; x_wconf 84' lang='lat'><strong>1038.</strong></span> <span class='ocrx_word' id='word_1_35' title='bbox 1026 533 1098 576; x_wconf 86' lang='lat' dir='ltr'><strong>Jo.</strong></span> <span class='ocrx_word' id='word_1_36' title='bbox 1134 535 1355 576; x_wconf 82' lang='lat' dir='ltr'><strong>Antonius</strong></span> <span class='ocrx_word' id='word_1_37' title='bbox 1385 520 1657 594; x_wconf 78' lang='lat' dir='ltr'><strong>Campanus,</strong></span> 
     </span>
     <span class='ocr_line' id='line_1_6' title="bbox 245 603 1657 667; baseline 0.001 -22"><span class='ocrx_word' id='word_1_38' title='bbox 245 603 495 663; x_wconf 87' lang='lat' dir='ltr'><strong>Aprutinus</strong></span> <span class='ocrx_word' id='word_1_39' title='bbox 518 605 768 664; x_wconf 89' lang='lat' dir='ltr'><strong>episcopus,</strong></span> <span class='ocrx_word' id='word_1_40' title='bbox 790 604 906 648; x_wconf 91' lang='lat' dir='ltr'><strong>libro</strong></span> <span class='ocrx_word' id='word_1_41' title='bbox 921 606 1108 665; x_wconf 87' lang='lat' dir='ltr'><strong>septimo</strong></span> <span class='ocrx_word' id='word_1_42' title='bbox 1126 605 1384 649; x_wconf 86' lang='lat' dir='ltr'><strong>Carminum</strong></span> <span class='ocrx_word' id='word_1_43' title='bbox 1396 638 1410 659; x_wconf 90' lang='lat'><strong><em>,</em></strong></span> <span class='ocrx_word' id='word_1_44' title='bbox 1430 620 1528 666; x_wconf 82' lang='lat' dir='ltr'><strong>pag.</strong></span> <span class='ocrx_word' id='word_1_45' title='bbox 1550 603 1657 667; x_wconf 77' lang='lat'><strong>176,</strong></span> 
     </span>
     <span class='ocr_line' id='line_1_7' title="bbox 249 675 1661 739; baseline 0.001 -20"><span class='ocrx_word' id='word_1_46' title='bbox 249 675 359 719; x_wconf 90' lang='lat' dir='ltr'><strong>edit.</strong></span> <span class='ocrx_word' id='word_1_47' title='bbox 379 676 498 737; x_wconf 89' lang='lat' dir='ltr'><strong>Lips.</strong></span> <span class='ocrx_word' id='word_1_48' title='bbox 520 676 778 725; x_wconf 87' lang='lat' dir='ltr'><strong>Sulmonem</strong></span> <span class='ocrx_word' id='word_1_49' title='bbox 789 711 802 733; x_wconf 90' lang='lat'>,</span> <span class='ocrx_word' id='word_1_50' title='bbox 818 676 975 722; x_wconf 90' lang='lat' dir='ltr'><strong>Ovidii</strong></span> <span class='ocrx_word' id='word_1_51' title='bbox 988 679 1199 739; x_wconf 86' lang='lat' dir='ltr'><strong>patriam,</strong></span> <span class='ocrx_word' id='word_1_52' title='bbox 1222 679 1283 721; x_wconf 85' lang='lat' dir='ltr'><strong>ita</strong></span> <span class='ocrx_word' id='word_1_53' title='bbox 1298 677 1353 722; x_wconf 90' lang='lat' dir='ltr'><strong>de</strong></span> <span class='ocrx_word' id='word_1_54' title='bbox 1368 679 1454 723; x_wconf 89' lang='lat' dir='ltr'><strong>hoc</strong></span> <span class='ocrx_word' id='word_1_55' title='bbox 1470 679 1565 723; x_wconf 82' lang='lat' dir='ltr'><strong>cive</strong></span> <span class='ocrx_word' id='word_1_56' title='bbox 1583 692 1661 721; x_wconf 82' lang='lat' dir='ltr'><strong>suo</strong></span> 
     </span>
     <span class='ocr_line' id='line_1_8' title="bbox 246 747 732 807; baseline 0 -15"><span class='ocrx_word' id='word_1_57' title='bbox 246 748 510 807; x_wconf 85' lang='lat' dir='ltr'><strong>gloriantem</strong></span> <span class='ocrx_word' id='word_1_58' title='bbox 529 747 701 792; x_wconf 88' lang='lat' dir='ltr'><strong>inducit</strong></span> <span class='ocrx_word' id='word_1_59' title='bbox 722 766 732 792; x_wconf 90' lang='lat'>:</span> 
     </span>
    </p>
   </div>
   <div class='ocr_carea' id='block_1_3' title="bbox 461 846 1373 1174">
    <p class='ocr_par' dir='ltr' id='par_1_3' title="bbox 465 846 1373 948">
     <span class='ocr_line' id='line_1_9' title="bbox 465 846 1373 895; baseline 0.001 -14"><span class='ocrx_word' id='word_1_60' title='bbox 465 846 542 881; x_wconf 88' lang='lat' dir='ltr'><strong>Sim</strong></span> <span class='ocrx_word' id='word_1_61' title='bbox 557 846 637 881; x_wconf 87' lang='lat' dir='ltr'><strong>licet</strong></span> <span class='ocrx_word' id='word_1_62' title='bbox 654 859 828 881; x_wconf 88' lang='lat' dir='ltr'><strong>annorum</strong></span> <span class='ocrx_word' id='word_1_63' title='bbox 845 854 897 881; x_wconf 88' lang='lat' dir='ltr'><strong>tot</strong></span> <span class='ocrx_word' id='word_1_64' title='bbox 914 846 1065 882; x_wconf 88' lang='lat' dir='ltr'><strong>millibus</strong></span> <span class='ocrx_word' id='word_1_65' title='bbox 1078 847 1208 895; x_wconf 82' lang='lat' dir='ltr'><strong>inclyta</strong></span> <span class='ocrx_word' id='word_1_66' title='bbox 1221 847 1345 883; x_wconf 89' lang='lat' dir='ltr'><strong>Sulmo</strong></span> <span class='ocrx_word' id='word_1_67' title='bbox 1362 873 1373 891; x_wconf 94' lang='lat'>,</span> 
     </span>
     <span class='ocr_line' id='line_1_10' title="bbox 503 901 1175 948; baseline 0.001 -11"><span class='ocrx_word' id='word_1_68' title='bbox 503 903 552 937; x_wconf 88' lang='lat' dir='ltr'><strong>Et</strong></span> <span class='ocrx_word' id='word_1_69' title='bbox 566 901 794 948; x_wconf 82' lang='lat' dir='ltr'><strong>Pelignorum</strong></span> <span class='ocrx_word' id='word_1_70' title='bbox 809 901 916 948; x_wconf 85' lang='lat' dir='ltr'><strong>gloria</strong></span> <span class='ocrx_word' id='word_1_71' title='bbox 932 902 1046 947; x_wconf 78' lang='lat' dir='ltr'><strong>prima</strong></span> <span class='ocrx_word' id='word_1_72' title='bbox 1060 902 1152 938; x_wconf 82' lang='lat' dir='ltr'><strong>ferar</strong></span> <span class='ocrx_word' id='word_1_73' title='bbox 1165 929 1175 947; x_wconf 91' lang='lat'>,</span> 
     </span>
    </p>

    <p class='ocr_par' dir='ltr' id='par_1_4' title="bbox 461 958 1287 1061">
     <span class='ocr_line' id='line_1_11' title="bbox 461 958 1204 1005; baseline 0 -11"><span class='ocrx_word' id='word_1_74' title='bbox 461 959 521 995; x_wconf 87' lang='lat' dir='ltr'><strong>Nil</strong></span> <span class='ocrx_word' id='word_1_75' title='bbox 530 959 639 994; x_wconf 81' lang='lat' dir='ltr'><strong>&#39;habui</strong></span> <span class='ocrx_word' id='word_1_76' title='bbox 656 958 786 994; x_wconf 83' lang='lat' dir='ltr'><strong>ovidio</strong></span> <span class='ocrx_word' id='word_1_77' title='bbox 801 959 913 1004; x_wconf 81' lang='lat' dir='ltr'><strong>majus</strong></span> <span class='ocrx_word' id='word_1_78' title='bbox 928 959 1068 994; x_wconf 84' lang='lat' dir='ltr'><strong>Nasone</strong></span> <span class='ocrx_word' id='word_1_79' title='bbox 1082 966 1204 1005; x_wconf 83' lang='lat' dir='ltr'><strong>poeta;</strong></span> 
     </span>
     <span class='ocr_line' id='line_1_12' title="bbox 505 1013 1287 1061; baseline 0.001 -12"><span class='ocrx_word' id='word_1_80' title='bbox 505 1013 608 1049; x_wconf 88' lang='lat' dir='ltr'><strong>Solus</strong></span> <span class='ocrx_word' id='word_1_81' title='bbox 623 1013 652 1049; x_wconf 85' lang='lat' dir='ltr'><strong>is</strong></span> <span class='ocrx_word' id='word_1_82' title='bbox 667 1014 855 1049; x_wconf 87' lang='lat' dir='ltr'><strong>immensas</strong></span> <span class='ocrx_word' id='word_1_83' title='bbox 869 1013 924 1049; x_wconf 86' lang='lat' dir='ltr'><strong>vel</strong></span> <span class='ocrx_word' id='word_1_84' title='bbox 938 1013 1027 1048; x_wconf 92' lang='lat' dir='ltr'><strong>mihi</strong></span> <span class='ocrx_word' id='word_1_85' title='bbox 1042 1021 1181 1060; x_wconf 64' lang='lat' dir='ltr'><strong>prestat</strong></span> <span class='ocrx_word' id='word_1_86' title='bbox 1195 1027 1287 1061; x_wconf 86' lang='lat' dir='ltr'><strong>opes.</strong></span> 
     </span>
    </p>

    <p class='ocr_par' dir='ltr' id='par_1_5' title="bbox 463 1069 1281 1174">
     <span class='ocr_line' id='line_1_13' title="bbox 463 1069 1280 1115; baseline 0.001 -10"><span class='ocrx_word' id='word_1_87' title='bbox 463 1070 599 1105; x_wconf 82' lang='lat' dir='ltr'><strong>AEtates</strong></span> <span class='ocrx_word' id='word_1_88' title='bbox 619 1069 750 1105; x_wconf 83' lang='lat' dir='ltr'><strong>abeunt</strong></span> <span class='ocrx_word' id='word_1_89' title='bbox 760 1096 771 1114; x_wconf 87' lang='lat'>‚</span> <span class='ocrx_word' id='word_1_90' title='bbox 787 1069 954 1105; x_wconf 88' lang='lat' dir='ltr'><strong>labuntur</strong></span> <span class='ocrx_word' id='word_1_91' title='bbox 969 1083 1097 1115; x_wconf 84' lang='lat' dir='ltr'><strong>regna,</strong></span> <span class='ocrx_word' id='word_1_92' title='bbox 1114 1069 1174 1106; x_wconf 83' lang='lat' dir='ltr'><strong>sed</strong></span> <span class='ocrx_word' id='word_1_93' title='bbox 1189 1083 1280 1106; x_wconf 84' lang='lat' dir='ltr'><strong>unus</strong></span> 
     </span>
     <span class='ocr_line' id='line_1_14' title="bbox 507 1127 1281 1174; baseline 0.003 -12"><span class='ocrx_word' id='word_1_94' title='bbox 507 1128 625 1163; x_wconf 89' lang='lat' dir='ltr'><strong>Durat</strong></span> <span class='ocrx_word' id='word_1_95' title='bbox 642 1134 677 1163; x_wconf 83' lang='lat' dir='ltr'><strong>et</strong></span> <span class='ocrx_word' id='word_1_96' title='bbox 691 1127 729 1163; x_wconf 90' lang='lat' dir='ltr'><strong>in</strong></span> <span class='ocrx_word' id='word_1_97' title='bbox 744 1127 854 1173; x_wconf 82' lang='lat' dir='ltr'><strong>pretio</strong></span> <span class='ocrx_word' id='word_1_98' title='bbox 870 1134 922 1163; x_wconf 78' lang='lat' dir='ltr'><strong>est</strong></span> <span class='ocrx_word' id='word_1_99' title='bbox 937 1128 1145 1174; x_wconf 76' lang='lat' dir='ltr'><strong>posteritatis</strong></span> <span class='ocrx_word' id='word_1_100' title='bbox 1158 1128 1281 1164; x_wconf 84' lang='lat' dir='ltr'><strong>honos.</strong></span> 
     </span>
    </p>
   </div>
   <div class='ocr_carea' id='block_1_4' title="bbox 244 1211 1664 1774">
    <p class='ocr_par' dir='ltr' id='par_1_6' title="bbox 244 1211 1664 1774">
     <span class='ocr_line' id='line_1_15' title="bbox 305 1211 1661 1269; baseline 0 -11"><span class='ocrx_word' id='word_1_101' title='bbox 305 1211 519 1259; x_wconf 86' lang='lat' dir='ltr'><strong>Hercules</strong></span> <span class='ocrx_word' id='word_1_102' title='bbox 537 1211 744 1258; x_wconf 87' lang='lat' dir='ltr'><strong>Ciosanus</strong></span> <span class='ocrx_word' id='word_1_103' title='bbox 756 1246 770 1267; x_wconf 89' lang='lat'><em>,</em></span> <span class='ocrx_word' id='word_1_104' title='bbox 800 1212 1123 1267; x_wconf 90' lang='lat' dir='ltr'><strong>Sulmonensis,</strong></span> <span class='ocrx_word' id='word_1_105' title='bbox 1146 1215 1269 1269; x_wconf 78' lang='lat' dir='ltr'><strong>cuius</strong></span> <span class='ocrx_word' id='word_1_106' title='bbox 1291 1222 1459 1258; x_wconf 82' lang='lat' dir='ltr'><strong>exstant</strong></span> <span class='ocrx_word' id='word_1_107' title='bbox 1477 1213 1661 1259; x_wconf 63' lang='lat' dir='ltr'><strong>eruditae</strong></span> 
     </span>
     <span class='ocr_line' id='line_1_16' title="bbox 247 1283 1662 1346; baseline 0.001 -18"><span class='ocrx_word' id='word_1_108' title='bbox 247 1289 293 1329; x_wconf 87' lang='lat' dir='ltr'><strong>in</strong></span> <span class='ocrx_word' id='word_1_109' title='bbox 307 1284 522 1330; x_wconf 89' lang='lat' dir='ltr'><strong>Ovidium</strong></span> <span class='ocrx_word' id='word_1_110' title='bbox 539 1283 752 1344; x_wconf 83' lang='lat' dir='ltr'><strong>gentilem</strong></span> <span class='ocrx_word' id='word_1_111' title='bbox 770 1300 902 1327; x_wconf 92' lang='lat' dir='ltr'><strong>suum</strong></span> <span class='ocrx_word' id='word_1_112' title='bbox 921 1293 1056 1338; x_wconf 63' lang='lat' dir='ltr'><strong>nette,</strong></span> <span class='ocrx_word' id='word_1_113' title='bbox 1076 1284 1423 1346; x_wconf 86' lang='lat' dir='ltr'><strong>descriptionem</strong></span> <span class='ocrx_word' id='word_1_114' title='bbox 1439 1285 1662 1330; x_wconf 86' lang='lat' dir='ltr'><strong>Sulmonis</strong></span> 
     </span>
     <span class='ocr_line' id='line_1_17' title="bbox 245 1356 1660 1417; baseline 0.001 -15"><span class='ocrx_word' id='word_1_115' title='bbox 245 1359 362 1402; x_wconf 86' lang='lat' dir='ltr'><strong>Vitae</strong></span> <span class='ocrx_word' id='word_1_116' title='bbox 384 1356 539 1402; x_wconf 85' lang='lat' dir='ltr'><strong>Ovidii</strong></span> <span class='ocrx_word' id='word_1_117' title='bbox 560 1358 794 1417; x_wconf 84' lang='lat' dir='ltr'><strong>praemisit,</strong></span> <span class='ocrx_word' id='word_1_118' title='bbox 822 1357 998 1417; x_wconf 79' lang='lat' dir='ltr'><strong>Aquilae</strong></span> <span class='ocrx_word' id='word_1_119' title='bbox 1032 1358 1167 1417; x_wconf 88' lang='lat'><strong>1578,</strong></span> <span class='ocrx_word' id='word_1_120' title='bbox 1195 1358 1328 1400; x_wconf 62' lang='grc' dir='ltr'><strong>ἐτι-80.</strong></span> <span class='ocrx_word' id='word_1_121' title='bbox 1351 1356 1515 1402; x_wconf 86' lang='lat' dir='ltr'><strong>Confer</strong></span> <span class='ocrx_word' id='word_1_122' title='bbox 1535 1359 1660 1404; x_wconf 87' lang='lat' dir='ltr'><strong>Petr.</strong></span> 
     </span>
     <span class='ocr_line' id='line_1_18' title="bbox 244 1426 1656 1486; baseline -0.001 -14"><span class='ocrx_word' id='word_1_123' title='bbox 244 1430 492 1472; x_wconf 79' lang='lat' dir='ltr'><strong>Antonium</strong></span> <span class='ocrx_word' id='word_1_124' title='bbox 524 1428 843 1486; x_wconf 85' lang='lat' dir='ltr'><strong>Corsignanum</strong></span> <span class='ocrx_word' id='word_1_125' title='bbox 875 1426 931 1470; x_wconf 90' lang='lat' dir='ltr'><strong>de</strong></span> <span class='ocrx_word' id='word_1_126' title='bbox 961 1428 1066 1469; x_wconf 88' lang='lat' dir='ltr'><strong>viris</strong></span> <span class='ocrx_word' id='word_1_127' title='bbox 1104 1426 1348 1470; x_wconf 86' lang='lat' dir='ltr'><strong>illustribus</strong></span> <span class='ocrx_word' id='word_1_128' title='bbox 1378 1428 1626 1471; x_wconf 85' lang='lat' dir='ltr'><strong>Marsorum</strong></span> <span class='ocrx_word' id='word_1_129' title='bbox 1642 1460 1656 1481; x_wconf 92' lang='lat'><strong><em>,</em></strong></span> 
     </span>
     <span class='ocr_line' id='line_1_19' title="bbox 246 1495 1664 1559; baseline -0.003 -17"><span class='ocrx_word' id='word_1_130' title='bbox 246 1516 342 1559; x_wconf 89' lang='lat' dir='ltr'><strong>cap.</strong></span> <span class='ocrx_word' id='word_1_131' title='bbox 368 1515 418 1554; x_wconf 78' lang='lat'><strong>25</strong></span> <span class='ocrx_word' id='word_1_132' title='bbox 444 1497 598 1542; x_wconf 87' lang='lat' dir='ltr'><strong>Ovidii</strong></span> <span class='ocrx_word' id='word_1_133' title='bbox 615 1498 776 1558; x_wconf 85' lang='lat' dir='ltr'><strong>effigies</strong></span> <span class='ocrx_word' id='word_1_134' title='bbox 795 1498 913 1556; x_wconf 89' lang='lat' dir='ltr'><strong>(nisi</strong></span> <span class='ocrx_word' id='word_1_135' title='bbox 930 1495 1066 1542; x_wconf 88' lang='lat' dir='ltr'><strong>Vedii</strong></span> <span class='ocrx_word' id='word_1_136' title='bbox 1084 1497 1292 1540; x_wconf 91' lang='lat' dir='ltr'><strong>Pollionis</strong></span> <span class='ocrx_word' id='word_1_137' title='bbox 1311 1499 1459 1558; x_wconf 90' lang='lat' dir='ltr'><strong>potius</strong></span> <span class='ocrx_word' id='word_1_138' title='bbox 1471 1531 1485 1550; x_wconf 90' lang='lat'>‚</span> <span class='ocrx_word' id='word_1_139' title='bbox 1509 1505 1560 1540; x_wconf 81' lang='lat' dir='ltr'><strong>ut</strong></span> <span class='ocrx_word' id='word_1_140' title='bbox 1577 1506 1664 1538; x_wconf 78' lang='lat' dir='ltr'><strong>NA-</strong></span> 
     </span>
     <span class='ocr_line' id='line_1_20' title="bbox 246 1568 1663 1630; baseline 0 -20"><span class='ocrx_word' id='word_1_141' title='bbox 246 1579 336 1611; x_wconf 79' lang='grc' dir='ltr'><strong>ΣΩΝ</strong></span> <span class='ocrx_word' id='word_1_142' title='bbox 354 1569 542 1629; x_wconf 85' lang='lat' dir='ltr'><strong>legerint</strong></span> <span class='ocrx_word' id='word_1_143' title='bbox 557 1571 642 1612; x_wconf 85' lang='lat' dir='ltr'><strong>viri</strong></span> <span class='ocrx_word' id='word_1_144' title='bbox 660 1568 827 1612; x_wconf 88' lang='lat' dir='ltr'><strong>eruditi</strong></span> <span class='ocrx_word' id='word_1_145' title='bbox 845 1584 928 1630; x_wconf 87' lang='lat' dir='ltr'><strong>pro</strong></span> <span class='ocrx_word' id='word_1_146' title='bbox 945 1570 1178 1629; x_wconf 85' lang='lat' dir='ltr'><strong>postremis</strong></span> <span class='ocrx_word' id='word_1_147' title='bbox 1199 1569 1340 1614; x_wconf 89' lang='lat' dir='ltr'><strong>literis</strong></span> <span class='ocrx_word' id='word_1_148' title='bbox 1358 1570 1549 1612; x_wconf 81' lang='lat' dir='ltr'><strong>nominis</strong></span> <span class='ocrx_word' id='word_1_149' title='bbox 1564 1577 1663 1611; x_wconf 79' lang='grc' dir='ltr'><strong>ΚΑΙ-</strong></span> 
     </span>
     <span class='ocr_line' id='line_1_21' title="bbox 246 1639 1663 1702; baseline 0.002 -21"><span class='ocrx_word' id='word_1_150' title='bbox 246 1644 452 1701; x_wconf 81' lang='grc' dir='ltr'>ΣΑΡΕΩΝ)</span> <span class='ocrx_word' id='word_1_151' title='bbox 471 1644 519 1686; x_wconf 90' lang='lat' dir='ltr'><strong>in</strong></span> <span class='ocrx_word' id='word_1_152' title='bbox 538 1658 673 1686; x_wconf 90' lang='lat' dir='ltr'><strong>numo</strong></span> <span class='ocrx_word' id='word_1_153' title='bbox 695 1640 814 1702; x_wconf 90' lang='lat' dir='ltr'><strong>apud</strong></span> <span class='ocrx_word' id='word_1_154' title='bbox 831 1640 1047 1684; x_wconf 88' lang='lat' dir='ltr'><strong>illustrem</strong></span> <span class='ocrx_word' id='word_1_155' title='bbox 1061 1640 1379 1701; x_wconf 86' lang='lat' dir='ltr'><strong>Spanhemium</strong></span> <span class='ocrx_word' id='word_1_156' title='bbox 1396 1642 1513 1685; x_wconf 86' lang='lat' dir='ltr'><strong>Diss.</strong></span> <span class='ocrx_word' id='word_1_157' title='bbox 1540 1657 1555 1684; x_wconf 85' lang='lat'>1</span> <span class='ocrx_word' id='word_1_158' title='bbox 1571 1673 1586 1695; x_wconf 91' lang='lat'><em>‚</em></span> <span class='ocrx_word' id='word_1_159' title='bbox 1607 1639 1663 1684; x_wconf 91' lang='lat' dir='ltr'><strong>de</strong></span> 
     </span>
     <span class='ocr_line' id='line_1_22' title="bbox 246 1712 1660 1774; baseline -0.001 -17"><span class='ocrx_word' id='word_1_160' title='bbox 246 1731 329 1757; x_wconf 92' lang='lat' dir='ltr'><strong>usu</strong></span> <span class='ocrx_word' id='word_1_161' title='bbox 340 1717 653 1758; x_wconf 89' lang='lat' dir='ltr'><strong>numismatum</strong></span> <span class='ocrx_word' id='word_1_162' title='bbox 664 1748 677 1768; x_wconf 85' lang='lat'><em>,</em></span> <span class='ocrx_word' id='word_1_163' title='bbox 696 1729 796 1774; x_wconf 86' lang='lat' dir='ltr'><strong>pag.</strong></span> <span class='ocrx_word' id='word_1_164' title='bbox 819 1713 877 1768; x_wconf 75' lang='grc'><strong>54</strong></span> <span class='ocrx_word' id='word_1_165' title='bbox 890 1732 902 1771; x_wconf 84' lang='lat'>3</span> <span class='ocrx_word' id='word_1_166' title='bbox 917 1715 1049 1757; x_wconf 89' lang='lat' dir='ltr'><strong>Tom.</strong></span> <span class='ocrx_word' id='word_1_167' title='bbox 1074 1715 1096 1757; x_wconf 94' lang='lat' dir='ltr'>I</span> <span class='ocrx_word' id='word_1_168' title='bbox 1108 1746 1123 1767; x_wconf 87' lang='lat'>,</span> <span class='ocrx_word' id='word_1_169' title='bbox 1146 1713 1253 1758; x_wconf 86' lang='lat' dir='ltr'><strong>edit.</strong></span> <span class='ocrx_word' id='word_1_170' title='bbox 1267 1712 1660 1759; x_wconf 83' lang='lat' dir='ltr'><strong>Londinens.Vid.</strong></span> 
     </span>
    </p>
   </div>
   <div class='ocr_carea' id='block_1_5' title="bbox 248 1796 541 1849">
    <p class='ocr_par' dir='ltr' id='par_1_7' title="bbox 248 1796 541 1849">
     <span class='ocr_line' id='line_1_23' title="bbox 248 1796 541 1849; baseline 0.003 -19"><span class='ocrx_word' id='word_1_171' title='bbox 248 1796 292 1831; x_wconf 89' lang='lat' dir='ltr'><strong>et</strong></span> <span class='ocrx_word' id='word_1_172' title='bbox 311 1803 411 1848; x_wconf 86' lang='lat' dir='ltr'><strong>pag.</strong></span> <span class='ocrx_word' id='word_1_173' title='bbox 440 1804 541 1849; x_wconf 84' lang='lat'><strong>719.</strong></span> 
     </span>
    </p>
   </div>
   <div class='ocr_carea' id='block_1_6' title="bbox 245 1896 1668 2668">
    <p class='ocr_par' dir='ltr' id='par_1_8' title="bbox 245 1896 1668 2388">
     <span class='ocr_line' id='line_1_24' title="bbox 246 1896 1663 1943; baseline 0.001 -12"><span class='ocrx_word' id='word_1_174' title='bbox 246 1909 367 1932; x_wconf 87' lang='lat' dir='ltr'><strong>carum</strong></span> <span class='ocrx_word' id='word_1_175' title='bbox 384 1897 542 1933; x_wconf 82' lang='lat' dir='ltr'><strong>habebat.</strong></span> <span class='ocrx_word' id='word_1_176' title='bbox 572 1897 628 1932; x_wconf 90' lang='lat' dir='ltr'><strong>De</strong></span> <span class='ocrx_word' id='word_1_177' title='bbox 652 1897 779 1933; x_wconf 88' lang='lat' dir='ltr'><strong>eodem</strong></span> <span class='ocrx_word' id='word_1_178' title='bbox 799 1898 932 1934; x_wconf 87' lang='lat' dir='ltr'><strong>calamo</strong></span> <span class='ocrx_word' id='word_1_179' title='bbox 960 1898 1091 1934; x_wconf 82' lang='lat' dir='ltr'><strong>Coelius</strong></span> <span class='ocrx_word' id='word_1_180' title='bbox 1115 1897 1346 1943; x_wconf 80' lang='lat' dir='ltr'><strong>calcagninus</strong></span> <span class='ocrx_word' id='word_1_181' title='bbox 1357 1923 1368 1942; x_wconf 88' lang='lat'>,</span> <span class='ocrx_word' id='word_1_182' title='bbox 1393 1897 1453 1943; x_wconf 85' lang='lat' dir='ltr'><strong>qui</strong></span> <span class='ocrx_word' id='word_1_183' title='bbox 1481 1903 1518 1932; x_wconf 87' lang='lat' dir='ltr'><strong>et</strong></span> <span class='ocrx_word' id='word_1_184' title='bbox 1535 1896 1608 1942; x_wconf 82' lang='lat' dir='ltr'><strong>ipse</strong></span> <span class='ocrx_word' id='word_1_185' title='bbox 1626 1896 1663 1932; x_wconf 89' lang='lat' dir='ltr'><strong>in</strong></span> 
     </span>
     <span class='ocr_line' id='line_1_25' title="bbox 246 1951 1664 2002; baseline 0.001 -15"><span class='ocrx_word' id='word_1_186' title='bbox 246 1953 419 1988; x_wconf 76' lang='lat' dir='ltr'><strong>Sarmatia</strong></span> <span class='ocrx_word' id='word_1_187' title='bbox 434 1953 502 1988; x_wconf 82' lang='lat' dir='ltr'><strong>fuit</strong></span> <span class='ocrx_word' id='word_1_188' title='bbox 513 1954 578 1998; x_wconf 82' lang='lat' dir='ltr'><strong>,‘in</strong></span> <span class='ocrx_word' id='word_1_189' title='bbox 595 1955 704 2002; x_wconf 87' lang='lat' dir='ltr'><strong>elegia</strong></span> <span class='ocrx_word' id='word_1_190' title='bbox 717 1967 785 2000; x_wconf 86' lang='lat' dir='ltr'><strong>qua</strong></span> <span class='ocrx_word' id='word_1_191' title='bbox 799 1954 1009 2002; x_wconf 82' lang='lat' dir='ltr'><strong>Scytharum</strong></span> <span class='ocrx_word' id='word_1_192' title='bbox 1025 1967 1144 1989; x_wconf 89' lang='lat' dir='ltr'><strong>mores</strong></span> <span class='ocrx_word' id='word_1_193' title='bbox 1159 1952 1322 1989; x_wconf 83' lang='lat' dir='ltr'><strong>describit</strong></span> <span class='ocrx_word' id='word_1_194' title='bbox 1334 1979 1344 1997; x_wconf 92' lang='lat'>,</span> <span class='ocrx_word' id='word_1_195' title='bbox 1357 1959 1422 1989; x_wconf 86' lang='lat' dir='ltr'><strong>etc.</strong></span> <span class='ocrx_word' id='word_1_196' title='bbox 1439 1966 1457 1983; x_wconf 70' lang='lat' dir='ltr'><strong>n</strong></span> <span class='ocrx_word' id='word_1_197' title='bbox 1470 1951 1664 1988; x_wconf 78' lang='lat' dir='ltr'><strong>‘ramulum</strong></span> 
     </span>
     <span class='ocr_line' id='line_1_26' title="bbox 247 2009 1666 2056; baseline 0 -11"><span class='ocrx_word' id='word_1_198' title='bbox 247 2017 373 2056; x_wconf 83' lang='lat' dir='ltr'><strong>poetae,</strong></span> <span class='ocrx_word' id='word_1_199' title='bbox 385 2017 463 2056; x_wconf 82' lang='lat' dir='ltr'><strong>post</strong></span> <span class='ocrx_word' id='word_1_200' title='bbox 473 2011 635 2046; x_wconf 83' lang='lat' dir='ltr'><strong>inventos</strong></span> <span class='ocrx_word' id='word_1_201' title='bbox 648 2011 776 2046; x_wconf 83' lang='lat' dir='ltr'><strong>scilicet</strong></span> <span class='ocrx_word' id='word_1_202' title='bbox 796 2010 976 2046; x_wconf 88' lang='lat' dir='ltr'><strong>Ciceronis</strong></span> <span class='ocrx_word' id='word_1_203' title='bbox 995 2010 1037 2045; x_wconf 90' lang='lat' dir='ltr'><strong>de</strong></span> <span class='ocrx_word' id='word_1_204' title='bbox 1055 2010 1204 2056; x_wconf 88' lang='lat' dir='ltr'><strong>Republ.</strong></span> <span class='ocrx_word' id='word_1_205' title='bbox 1220 2009 1338 2054; x_wconf 85' lang='lat' dir='ltr'><strong>libros,</strong></span> <span class='ocrx_word' id='word_1_206' title='bbox 1350 2009 1389 2045; x_wconf 87' lang='lat' dir='ltr'><strong>in</strong></span> <span class='ocrx_word' id='word_1_207' title='bbox 1404 2009 1521 2045; x_wconf 84' lang='lat' dir='ltr'><strong>media</strong></span> <span class='ocrx_word' id='word_1_208' title='bbox 1532 2010 1666 2045; x_wconf 78' lang='lat' dir='ltr'><strong>Moscia</strong></span> 
     </span>
     <span class='ocr_line' id='line_1_27' title="bbox 247 2065 1665 2113; baseline 0 -12"><span class='ocrx_word' id='word_1_209' title='bbox 247 2074 430 2113; x_wconf 87' lang='lat' dir='ltr'><strong>repertum</strong></span> <span class='ocrx_word' id='word_1_210' title='bbox 449 2075 569 2102; x_wconf 89' lang='lat' dir='ltr'><strong>narrat</strong></span> <span class='ocrx_word' id='word_1_211' title='bbox 590 2068 694 2103; x_wconf 85' lang='lat' dir='ltr'><strong>Isaac.</strong></span> <span class='ocrx_word' id='word_1_212' title='bbox 711 2067 885 2102; x_wconf 77' lang='lat' dir='ltr'><strong>Bullartus</strong></span> <span class='ocrx_word' id='word_1_213' title='bbox 910 2067 948 2101; x_wconf 88' lang='lat' dir='ltr'><strong>in</strong></span> <span class='ocrx_word' id='word_1_214' title='bbox 967 2066 1157 2102; x_wconf 84' lang='lat' dir='ltr'><strong>Academia</strong></span> <span class='ocrx_word' id='word_1_215' title='bbox 1181 2065 1415 2102; x_wconf 86' lang='lat' dir='ltr'><strong>Scientiarum</strong></span> <span class='ocrx_word' id='word_1_216' title='bbox 1436 2073 1472 2102; x_wconf 82' lang='lat' dir='ltr'><strong>et</strong></span> <span class='ocrx_word' id='word_1_217' title='bbox 1499 2066 1640 2101; x_wconf 85' lang='lat' dir='ltr'><strong>Artium</strong></span> <span class='ocrx_word' id='word_1_218' title='bbox 1654 2092 1665 2111; x_wconf 86' lang='lat'>,</span> 
     </span>
     <span class='ocr_line' id='line_1_28' title="bbox 247 2122 1667 2169; baseline 0 -12"><span class='ocrx_word' id='word_1_219' title='bbox 247 2131 333 2158; x_wconf 89' lang='lat' dir='ltr'><strong>tom.</strong></span> <span class='ocrx_word' id='word_1_220' title='bbox 349 2123 367 2158; x_wconf 94' lang='lat'>1</span> <span class='ocrx_word' id='word_1_221' title='bbox 383 2149 393 2167; x_wconf 82' lang='lat'>‚</span> <span class='ocrx_word' id='word_1_222' title='bbox 410 2136 485 2169; x_wconf 86' lang='lat' dir='ltr'><strong>pag.</strong></span> <span class='ocrx_word' id='word_1_223' title='bbox 503 2124 542 2168; x_wconf 86' lang='lat'><strong>87</strong></span> <span class='ocrx_word' id='word_1_224' title='bbox 557 2149 567 2166; x_wconf 92' lang='lat'>,</span> <span class='ocrx_word' id='word_1_225' title='bbox 594 2124 632 2158; x_wconf 89' lang='lat' dir='ltr'><strong>in</strong></span> <span class='ocrx_word' id='word_1_226' title='bbox 653 2123 735 2158; x_wconf 82' lang='lat' dir='ltr'><strong>Vita</strong></span> <span class='ocrx_word' id='word_1_227' title='bbox 763 2122 910 2158; x_wconf 87' lang='lat' dir='ltr'><strong>Joannis</strong></span> <span class='ocrx_word' id='word_1_228' title='bbox 933 2122 1103 2159; x_wconf 85' lang='lat' dir='ltr'><strong>Zamoscii</strong></span> <span class='ocrx_word' id='word_1_229' title='bbox 1116 2147 1126 2165; x_wconf 92' lang='lat'><em>‚</em></span> <span class='ocrx_word' id='word_1_230' title='bbox 1142 2122 1350 2167; x_wconf 73' lang='lat' dir='ltr'><strong>tumuloque</strong></span> <span class='ocrx_word' id='word_1_231' title='bbox 1362 2122 1569 2168; x_wconf 81' lang='lat' dir='ltr'><strong>inscriptum</strong></span> <span class='ocrx_word' id='word_1_232' title='bbox 1583 2135 1667 2158; x_wconf 82' lang='lat' dir='ltr'><strong>car-</strong></span> 
     </span>
     <span class='ocr_line' id='line_1_29' title="bbox 246 2178 1664 2224; baseline 0.001 -11"><span class='ocrx_word' id='word_1_233' title='bbox 246 2191 332 2214; x_wconf 87' lang='lat' dir='ltr'><strong>men</strong></span> <span class='ocrx_word' id='word_1_234' title='bbox 348 2191 356 2214; x_wconf 93' lang='lat'>:</span> <span class='ocrx_word' id='word_1_235' title='bbox 376 2193 394 2209; x_wconf 72' lang='grc' dir='ltr'><strong><em>κ</em></strong></span> <span class='ocrx_word' id='word_1_236' title='bbox 411 2179 482 2215; x_wconf 89' lang='lat' dir='ltr'><strong>Hic</strong></span> <span class='ocrx_word' id='word_1_237' title='bbox 497 2179 580 2214; x_wconf 84' lang='lat' dir='ltr'><strong>situs</strong></span> <span class='ocrx_word' id='word_1_238' title='bbox 597 2187 650 2214; x_wconf 89' lang='lat' dir='ltr'><strong>est</strong></span> <span class='ocrx_word' id='word_1_239' title='bbox 670 2186 764 2214; x_wconf 84' lang='lat' dir='ltr'><strong>vates</strong></span> <span class='ocrx_word' id='word_1_240' title='bbox 774 2205 784 2222; x_wconf 87' lang='lat'><strong>,</strong></span> <span class='ocrx_word' id='word_1_241' title='bbox 804 2191 910 2224; x_wconf 90' lang='lat' dir='ltr'><strong>quem</strong></span> <span class='ocrx_word' id='word_1_242' title='bbox 924 2178 1006 2214; x_wconf 83' lang='lat' dir='ltr'><strong>Divi</strong></span> <span class='ocrx_word' id='word_1_243' title='bbox 1025 2178 1171 2215; x_wconf 82' lang='lat' dir='ltr'><strong>Caesaris</strong></span> <span class='ocrx_word' id='word_1_244' title='bbox 1187 2179 1239 2213; x_wconf 85' lang='lat' dir='ltr'><strong>ira</strong></span> <span class='ocrx_word' id='word_1_245' title='bbox 1255 2178 1404 2224; x_wconf 82' lang='lat' dir='ltr'><strong>Augusti</strong></span> <span class='ocrx_word' id='word_1_246' title='bbox 1429 2178 1527 2214; x_wconf 85' lang='lat' dir='ltr'><strong>Latia</strong></span> <span class='ocrx_word' id='word_1_247' title='bbox 1540 2178 1664 2214; x_wconf 79' lang='lat' dir='ltr'><strong>cedere</strong></span> 
     </span>
     <span class='ocr_line' id='line_1_30' title="bbox 245 2231 1667 2279; baseline 0 -12"><span class='ocrx_word' id='word_1_248' title='bbox 245 2233 345 2278; x_wconf 80' lang='lat' dir='ltr'><strong>jussit</strong></span> <span class='ocrx_word' id='word_1_249' title='bbox 359 2233 479 2268; x_wconf 86' lang='lat' dir='ltr'><strong>humo.</strong></span> <span class='ocrx_word' id='word_1_250' title='bbox 491 2233 590 2278; x_wconf 81' lang='lat' dir='ltr'><strong>Saepe</strong></span> <span class='ocrx_word' id='word_1_251' title='bbox 603 2233 709 2268; x_wconf 85' lang='lat' dir='ltr'><strong>miser</strong></span> <span class='ocrx_word' id='word_1_252' title='bbox 717 2232 827 2267; x_wconf 84' lang='lat' dir='ltr'><strong>voluit</strong></span> <span class='ocrx_word' id='word_1_253' title='bbox 836 2233 954 2279; x_wconf 84' lang='lat' dir='ltr'><strong>patriis</strong></span> <span class='ocrx_word' id='word_1_254' title='bbox 968 2233 1175 2268; x_wconf 88' lang='lat' dir='ltr'><strong>occumbere</strong></span> <span class='ocrx_word' id='word_1_255' title='bbox 1191 2232 1292 2268; x_wconf 81' lang='lat' dir='ltr'><strong>terris</strong></span> <span class='ocrx_word' id='word_1_256' title='bbox 1302 2259 1312 2277; x_wconf 92' lang='lat'>,</span> <span class='ocrx_word' id='word_1_257' title='bbox 1329 2231 1401 2267; x_wconf 79' lang='lat' dir='ltr'><strong>Sed</strong></span> <span class='ocrx_word' id='word_1_258' title='bbox 1412 2231 1559 2268; x_wconf 83' lang='lat' dir='ltr'><strong>frustra:</strong></span> <span class='ocrx_word' id='word_1_259' title='bbox 1571 2231 1667 2267; x_wconf 84' lang='lat' dir='ltr'><strong>hune</strong></span> 
     </span>
     <span class='ocr_line' id='line_1_31' title="bbox 245 2287 1668 2324; baseline 0 -2"><span class='ocrx_word' id='word_1_260' title='bbox 245 2288 295 2323; x_wconf 79' lang='lat' dir='ltr'><strong>illi</strong></span> <span class='ocrx_word' id='word_1_261' title='bbox 310 2289 378 2324; x_wconf 83' lang='lat' dir='ltr'><strong>sata</strong></span> <span class='ocrx_word' id='word_1_262' title='bbox 393 2288 522 2323; x_wconf 88' lang='lat' dir='ltr'><strong>dedere</strong></span> <span class='ocrx_word' id='word_1_263' title='bbox 538 2288 664 2323; x_wconf 84' lang='lat' dir='ltr'><strong>locum.</strong></span> <span class='ocrx_word' id='word_1_264' title='bbox 682 2302 701 2319; x_wconf 71' lang='lat'><strong>²»</strong></span> <span class='ocrx_word' id='word_1_265' title='bbox 718 2287 819 2323; x_wconf 88' lang='lat' dir='ltr'><strong>Idem</strong></span> <span class='ocrx_word' id='word_1_266' title='bbox 835 2289 1061 2324; x_wconf 86' lang='lat' dir='ltr'><strong>tetrastichon</strong></span> <span class='ocrx_word' id='word_1_267' title='bbox 1074 2289 1181 2323; x_wconf 81' lang='lat' dir='ltr'><strong>refert</strong></span> <span class='ocrx_word' id='word_1_268' title='bbox 1196 2289 1282 2324; x_wconf 88' lang='lat' dir='ltr'><strong>Sim.</strong></span> <span class='ocrx_word' id='word_1_269' title='bbox 1299 2287 1574 2324; x_wconf 82' lang='lat' dir='ltr'><strong>Starovolsiusin</strong></span> <span class='ocrx_word' id='word_1_270' title='bbox 1585 2300 1668 2323; x_wconf 89' lang='lat' dir='ltr'><strong>mo-</strong></span> 
     </span>
     <span class='ocr_line' id='line_1_32' title="bbox 246 2342 1316 2388; baseline -0.003 -11"><span class='ocrx_word' id='word_1_271' title='bbox 246 2343 426 2378; x_wconf 87' lang='lat' dir='ltr'><strong>numentis</strong></span> <span class='ocrx_word' id='word_1_272' title='bbox 443 2343 684 2378; x_wconf 82' lang='lat' dir='ltr'><strong>Sarmatarum</strong></span> <span class='ocrx_word' id='word_1_273' title='bbox 695 2369 706 2386; x_wconf 91' lang='lat'>‚</span> <span class='ocrx_word' id='word_1_274' title='bbox 723 2342 869 2378; x_wconf 87' lang='lat' dir='ltr'><strong>Cracov.</strong></span> <span class='ocrx_word' id='word_1_275' title='bbox 892 2344 974 2379; x_wconf 81' lang='lat'>1655</span> <span class='ocrx_word' id='word_1_276' title='bbox 985 2369 994 2387; x_wconf 91' lang='lat'>,</span> <span class='ocrx_word' id='word_1_277' title='bbox 1011 2343 1135 2378; x_wconf 83' lang='lat' dir='ltr'><strong>in-sol.</strong></span> <span class='ocrx_word' id='word_1_278' title='bbox 1150 2356 1225 2388; x_wconf 84' lang='lat' dir='ltr'><strong>pag.</strong></span> <span class='ocrx_word' id='word_1_279' title='bbox 1242 2343 1316 2386; x_wconf 80' lang='lat'><strong>304.</strong></span> 
     </span>
    </p>

    <p class='ocr_par' dir='ltr' id='par_1_9' title="bbox 245 2401 1668 2668">
     <span class='ocr_line' id='line_1_33' title="bbox 290 2401 1665 2450; baseline -0.001 -13"><span class='ocrx_word' id='word_1_280' title='bbox 290 2405 302 2424; x_wconf 86' lang='lat'>¹</span> <span class='ocrx_word' id='word_1_281' title='bbox 332 2405 470 2450; x_wconf 73' lang='lat' dir='ltr'><strong>Vosage</strong></span> <span class='ocrx_word' id='word_1_282' title='bbox 482 2405 528 2439; x_wconf 85' lang='lat' dir='ltr'><strong>du</strong></span> <span class='ocrx_word' id='word_1_283' title='bbox 542 2404 690 2445; x_wconf 68' lang='lat' dir='ltr'><strong>Levant,</strong></span> <span class='ocrx_word' id='word_1_284' title='bbox 712 2417 782 2447; x_wconf 89' lang='lat' dir='ltr'><strong>par</strong></span> <span class='ocrx_word' id='word_1_285' title='bbox 794 2403 844 2437; x_wconf 86' lang='lat' dir='ltr'><strong>M.</strong></span> <span class='ocrx_word' id='word_1_286' title='bbox 858 2405 900 2437; x_wconf 83' lang='lat' dir='ltr'><strong>de</strong></span> <span class='ocrx_word' id='word_1_287' title='bbox 913 2404 1064 2444; x_wconf 74' lang='lat' dir='ltr'><strong>Wrone,</strong></span> <span class='ocrx_word' id='word_1_288' title='bbox 1085 2406 1110 2437; x_wconf 67' lang='lat' dir='ltr'><strong>a*</strong></span> <span class='ocrx_word' id='word_1_289' title='bbox 1124 2404 1243 2447; x_wconf 64' lang='lat' dir='ltr'><strong>Libge,</strong></span> <span class='ocrx_word' id='word_1_290' title='bbox 1269 2403 1348 2447; x_wconf 87' lang='lat'>1731</span> <span class='ocrx_word' id='word_1_291' title='bbox 1363 2429 1373 2443; x_wconf 91' lang='lat'><em>,</em></span> <span class='ocrx_word' id='word_1_292' title='bbox 1391 2402 1505 2436; x_wconf 69' lang='lat' dir='ltr'><strong>izi-8⁰.</strong></span> <span class='ocrx_word' id='word_1_293' title='bbox 1524 2409 1610 2437; x_wconf 86' lang='lat' dir='ltr'><strong>tom.</strong></span> <span class='ocrx_word' id='word_1_294' title='bbox 1625 2401 1643 2436; x_wconf 90' lang='grc' dir='ltr'><strong>Ῑ</strong></span> <span class='ocrx_word' id='word_1_295' title='bbox 1654 2427 1665 2446; x_wconf 83' lang='grc'><em>,</em></span> 
     </span>
     <span class='ocr_line' id='line_1_34' title="bbox 245 2456 1668 2503; baseline 0 -13"><span class='ocrx_word' id='word_1_296' title='bbox 245 2469 322 2502; x_wconf 85' lang='lat' dir='ltr'><strong>pag.</strong></span> <span class='ocrx_word' id='word_1_297' title='bbox 342 2470 354 2490; x_wconf 86' lang='lat'>1</span> <span class='ocrx_word' id='word_1_298' title='bbox 362 2471 400 2503; x_wconf 78' lang='lat'><strong>27</strong></span> <span class='ocrx_word' id='word_1_299' title='bbox 420 2470 429 2491; x_wconf 76' lang='lat' dir='ltr'>z</span> <span class='ocrx_word' id='word_1_300' title='bbox 443 2459 524 2492; x_wconf 62' lang='lat' dir='ltr'><strong>pres</strong></span> <span class='ocrx_word' id='word_1_301' title='bbox 540 2459 585 2492; x_wconf 85' lang='lat' dir='ltr'><strong>du</strong></span> <span class='ocrx_word' id='word_1_302' title='bbox 597 2461 710 2502; x_wconf 70' lang='lat' dir='ltr'><strong>rivage</strong></span> <span class='ocrx_word' id='word_1_303' title='bbox 723 2460 766 2492; x_wconf 90' lang='lat' dir='ltr'><strong>de</strong></span> <span class='ocrx_word' id='word_1_304' title='bbox 777 2461 814 2492; x_wconf 86' lang='lat' dir='ltr'><strong>la</strong></span> <span class='ocrx_word' id='word_1_305' title='bbox 831 2471 901 2492; x_wconf 86' lang='lat' dir='ltr'><strong>mer</strong></span> <span class='ocrx_word' id='word_1_306' title='bbox 913 2459 1031 2498; x_wconf 71' lang='grc' dir='ltr'><em>Νοίνε,</em></span> <span class='ocrx_word' id='word_1_307' title='bbox 1053 2459 1098 2493; x_wconf 87' lang='lat' dir='ltr'><strong>du</strong></span> <span class='ocrx_word' id='word_1_308' title='bbox 1109 2460 1183 2492; x_wconf 66' lang='lat' dir='ltr'><strong>co‘tb</strong></span> <span class='ocrx_word' id='word_1_309' title='bbox 1196 2458 1239 2491; x_wconf 86' lang='lat' dir='ltr'><strong>de</strong></span> <span class='ocrx_word' id='word_1_310' title='bbox 1248 2456 1423 2500; x_wconf 82' lang='lat' dir='ltr'><strong>I’Europe‚</strong></span> <span class='ocrx_word' id='word_1_311' title='bbox 1440 2469 1484 2491; x_wconf 86' lang='lat' dir='ltr'><strong>on</strong></span> <span class='ocrx_word' id='word_1_312' title='bbox 1495 2459 1569 2490; x_wconf 80' lang='lat' dir='ltr'><strong>voit</strong></span> <span class='ocrx_word' id='word_1_313' title='bbox 1579 2457 1668 2491; x_wconf 74' lang='lat' dir='ltr'><strong>deux</strong></span> 
     </span>
     <span class='ocr_line' id='line_1_35' title="bbox 245 2511 1668 2557; baseline -0.001 -13"><span class='ocrx_word' id='word_1_314' title='bbox 245 2513 377 2545; x_wconf 75' lang='lat' dir='ltr'><strong>vieilles</strong></span> <span class='ocrx_word' id='word_1_315' title='bbox 391 2518 482 2546; x_wconf 83' lang='lat' dir='ltr'><strong>tours</strong></span> <span class='ocrx_word' id='word_1_316' title='bbox 489 2524 630 2557; x_wconf 80' lang='lat' dir='ltr'><strong>presque</strong></span> <span class='ocrx_word' id='word_1_317' title='bbox 642 2515 774 2546; x_wconf 63' lang='lat' dir='ltr'><strong>miudes</strong></span> <span class='ocrx_word' id='word_1_318' title='bbox 784 2538 794 2554; x_wconf 92' lang='lat'><strong><em>,</em></strong></span> <span class='ocrx_word' id='word_1_319' title='bbox 810 2525 853 2557; x_wconf 87' lang='lat' dir='ltr'><strong>qu</strong></span> <span class='ocrx_word' id='word_1_320' title='bbox 859 2512 912 2546; x_wconf 82' lang='lat' dir='ltr'><strong>&#39;on</strong></span> <span class='ocrx_word' id='word_1_321' title='bbox 925 2514 1056 2556; x_wconf 79' lang='lat' dir='ltr'><strong>appelle</strong></span> <span class='ocrx_word' id='word_1_322' title='bbox 1070 2514 1120 2546; x_wconf 88' lang='lat' dir='ltr'><strong>les</strong></span> <span class='ocrx_word' id='word_1_323' title='bbox 1131 2518 1223 2546; x_wconf 75' lang='lat' dir='ltr'><strong>lours</strong></span> <span class='ocrx_word' id='word_1_324' title='bbox 1235 2513 1276 2545; x_wconf 87' lang='lat' dir='ltr'><strong>de</strong></span> <span class='ocrx_word' id='word_1_325' title='bbox 1289 2511 1453 2546; x_wconf 80' lang='lat' dir='ltr'><strong>Le&#39;andre.</strong></span> <span class='ocrx_word' id='word_1_326' title='bbox 1479 2511 1668 2554; x_wconf 79' lang='lat' dir='ltr'><strong>Quelques-</strong></span> 
     </span>
     <span class='ocr_line' id='line_1_36' title="bbox 246 2565 1668 2614; baseline -0.001 -15"><span class='ocrx_word' id='word_1_327' title='bbox 246 2579 312 2600; x_wconf 85' lang='lat' dir='ltr'><strong>uns</strong></span> <span class='ocrx_word' id='word_1_328' title='bbox 320 2569 519 2609; x_wconf 59' lang='lat' dir='ltr'><strong>pretendent</strong></span> <span class='ocrx_word' id='word_1_329' title='bbox 531 2568 670 2613; x_wconf 83' lang='lat' dir='ltr'><strong>qu’elles</strong></span> <span class='ocrx_word' id='word_1_330' title='bbox 681 2575 740 2603; x_wconf 84' lang='lat' dir='ltr'><strong>ont</strong></span> <span class='ocrx_word' id='word_1_331' title='bbox 753 2570 893 2603; x_wconf 73' lang='lat' dir='ltr'><strong>serus&#39;de</strong></span> <span class='ocrx_word' id='word_1_332' title='bbox 899 2571 1017 2614; x_wconf 83' lang='lat' dir='ltr'><strong>prison</strong></span> <span class='ocrx_word' id='word_1_333' title='bbox 1034 2569 1059 2601; x_wconf 78' lang='grc' dir='ltr'><em>ὰ</em></span> <span class='ocrx_word' id='word_1_334' title='bbox 1079 2568 1186 2602; x_wconf 78' lang='lat' dir='ltr'><strong>Ovide</strong></span> <span class='ocrx_word' id='word_1_335' title='bbox 1195 2593 1205 2608; x_wconf 88' lang='lat'>‚</span> <span class='ocrx_word' id='word_1_336' title='bbox 1225 2569 1365 2612; x_wconf 80' lang='lat' dir='ltr'><strong>quoique</strong></span> <span class='ocrx_word' id='word_1_337' title='bbox 1377 2565 1541 2601; x_wconf 76' lang='lat' dir='ltr'><strong>l&#39;ltistot‘re</strong></span> <span class='ocrx_word' id='word_1_338' title='bbox 1549 2576 1668 2599; x_wconf 78' lang='lat' dir='ltr'><strong>assare</strong></span> 
     </span>
     <span class='ocr_line' id='line_1_37' title="bbox 248 2621 811 2668; baseline 0.007 -13"><span class='ocrx_word' id='word_1_339' title='bbox 248 2621 396 2667; x_wconf 84' lang='lat' dir='ltr'><strong>qu&#39;ilsut</strong></span> <span class='ocrx_word' id='word_1_340' title='bbox 408 2625 542 2668; x_wconf 67' lang='lat' dir='ltr'><strong>religue&#39;</strong></span> <span class='ocrx_word' id='word_1_341' title='bbox 555 2636 597 2658; x_wconf 84' lang='lat' dir='ltr'><strong>en</strong></span> <span class='ocrx_word' id='word_1_342' title='bbox 616 2625 768 2660; x_wconf 87' lang='lat' dir='ltr'><strong>Calabre.</strong></span> <span class='ocrx_word' id='word_1_343' title='bbox 788 2626 811 2648; x_wconf 89' lang='lat'><em>*</em></span> 
     </span>
    </p>
   </div>
   <div class='ocr_carea' id='block_1_7' title="bbox 248 2684 1663 2763">
    <p class='ocr_par' dir='ltr' id='par_1_10' title="bbox 248 2684 1663 2763">
     <span class='ocr_line' id='line_1_38' title="bbox 280 2684 1663 2721; baseline -0.001 -12"><span class='ocrx_word' id='word_1_344' title='bbox 280 2684 297 2699; x_wconf 69' lang='lat'>⁶</span> <span class='ocrx_word' id='word_1_345' title='bbox 306 2684 415 2710; x_wconf 69' lang='lat' dir='ltr'><strong>Mirone</strong></span> <span class='ocrx_word' id='word_1_346' title='bbox 425 2691 465 2710; x_wconf 78' lang='lat' dir='ltr'><strong>est</strong></span> <span class='ocrx_word' id='word_1_347' title='bbox 477 2684 501 2710; x_wconf 70' lang='lat' dir='ltr'><strong>le</strong></span> <span class='ocrx_word' id='word_1_348' title='bbox 510 2693 618 2719; x_wconf 74' lang='lat' dir='ltr'><strong>masque</strong></span> <span class='ocrx_word' id='word_1_349' title='bbox 630 2687 663 2711; x_wconf 72' lang='lat' dir='ltr'><strong>de</strong></span> <span class='ocrx_word' id='word_1_350' title='bbox 680 2686 828 2720; x_wconf 75' lang='lat' dir='ltr'><strong>Saumery,</strong></span> <span class='ocrx_word' id='word_1_351' title='bbox 850 2687 965 2713; x_wconf 56' lang='lat' dir='ltr'><strong>&amp;crimin</strong></span> <span class='ocrx_word' id='word_1_352' title='bbox 973 2691 1133 2721; x_wconf 71' lang='lat' dir='ltr'><strong>protectam.</strong></span> <span class='ocrx_word' id='word_1_353' title='bbox 1156 2686 1198 2712; x_wconf 82' lang='lat' dir='ltr'><strong>On</strong></span> <span class='ocrx_word' id='word_1_354' title='bbox 1215 2694 1233 2710; x_wconf 82' lang='grc' dir='ltr'><em>α</em></span> <span class='ocrx_word' id='word_1_355' title='bbox 1253 2685 1288 2711; x_wconf 73' lang='grc' dir='ltr'><strong>εἰσ</strong></span> <span class='ocrx_word' id='word_1_356' title='bbox 1306 2685 1346 2711; x_wconf 84' lang='lat' dir='ltr'><strong>lui</strong></span> <span class='ocrx_word' id='word_1_357' title='bbox 1355 2685 1487 2719; x_wconf 71' lang='lat' dir='ltr'><strong>plusieurs</strong></span> <span class='ocrx_word' id='word_1_358' title='bbox 1502 2689 1590 2710; x_wconf 69' lang='lat' dir='ltr'><strong>autre:</strong></span> <span class='ocrx_word' id='word_1_359' title='bbox 1611 2692 1663 2708; x_wconf 82' lang='lat' dir='ltr'><strong>ou-</strong></span> 
     </span>
     <span class='ocr_line' id='line_1_39' title="bbox 248 2730 394 2763; baseline 0 -9"><span class='ocrx_word' id='word_1_360' title='bbox 248 2737 346 2763; x_wconf 65' lang='lat' dir='ltr'><strong>vrages·</strong></span> <span class='ocrx_word' id='word_1_361' title='bbox 360 2730 394 2755; x_wconf 88' lang='lat' dir='ltr'><strong>B.</strong></span> 
     </span>
    </p>
   </div>
  </div>
 </body>
</html>
