1794 3100
571 193 706 236 PER
739 194 782 236 J.
818 193 1130 240 MASS‘ON.
1482 213 1571 260 209

145 285 290 343 diota,
321 283 368 332 in
397 284 588 334 Pontico
622 286 753 335 litore
786 287 1008 347 Thraciae,
1056 308 1133 338 seu
1169 289 1216 336 in
1248 290 1418 338 Euxini
1452 293 1572 341 litore

143 363 294 419 Potm',
322 363 406 412 sita
425 363 601 422 suit‚.et
625 365 802 431 quidem
836 366 898 414 cis
921 367 1164 415 Danubium
1183 407 1195 423 ,
1236 380 1281 416 at
1314 388 1406 417 non
1439 370 1572 434 longe

143 441 314 507 ab1ejus
334 442 476 498 ostiis.,·
505 454 642 509 prout
664 442 730 491 vel
751 462 800 492 ex
820 445 988 492 Nostro
1008 444 1111 492 licet
1142 445 1410 509 intelligere,
1432 449 1566 498 Trist.

122 519 222 574 ,lib.
247 522 313 580 ΙΙ,
338 540 447 570 vers.
464 521 687 588 v189--200
708 543 718 571 :

360 619 463 656 Solus
479 620 523 656 ad
538 634 692 666 egressus
707 622 830 659 missus
845 622 1075 668 septemplicis
1096 625 1193 665 Istri,

407 681 601 718 Parrhasiae
616 683 731 729 gelido
748 684 892 729 virginis
907 697 967 719 axe
986 698 1140 730 premor.

360 743 528 791 Jazyges,
547 751 584 779 et
601 742 746 787 Colchi,
767 744 998 790 Metereaque
1016 746 1118 780 turba
1131 773 1140 790 ,
1160 746 1328 793 Getaeque
1339 774 1349 792 ,

403 804 693 839 Danubl'c‘mediis
709 804 763 839 vix
773 806 992 850 prohibentur
1007 807 1103 852 aquis
1114 833 1123 850 ‚
1142 814 1205 842 eie.

365 864 547 900 Hactenus
566 865 707 900 onnu
721 878 799 911 pars
818 874 869 901 est
887 866 1050 901 Romana
1065 877 1231 903 sm1s¹rn1
1250 871 1273 901 ¹.

402 926 567 960 Proxima
581 927 764 961 Bastarna
779 929 1050 973 Sauromatoeque
1069 935 1206 963 tenent.

365 987 453 1022 Haec
469 994 522 1022 est
538 987 697 1023 Ausonio
709 988 773 1022 sub
787 988 865 1033 jure
883 979 1068 1024 no'vissima
1082 1015 1091 1033 ,
1109 989 1234 1035 vixque

409 1049 532 1084 Haeret
550 1049 587 1083 in
603 1048 741 1094 imperii
758 1048 916 1095 margine
931 1051 948 1069 ²
963 1057 1055 1084 terra
1070 1050 1131 1086 tui.

145 1126 319 1176 Deinde
342 1126 551 1175 tutiorem
575 1126 720 1175 exsilii
742 1127 889 1176 locum
909 1141 1036 1191 rogat
1058 1129 1314 1192 Augustum
1330 1168 1341 1188 ‚

364 1226 418 1262 Ne
436 1226 558 1261 timeat
572 1234 705 1271 gentes,
727 1239 811 1272 quas
828 1240 901 1261 non
921 1227 1012 1262 bene
1029 1230 1200 1263 submovet
1213 1231 1308 1264 Ister.

143 1312 311 1363 Eadem
335 1323 540 1362 constant
561 1331 611 1360 ex
634 1312 771 1360 Trist.
798 1310 877 1359 lib.
902 1313 993 1370 ΙΙΙ,
1016 1311 1143 1375 Eleg.
1171 1326 1238 1372 IV,
1263 1333 1374 1363 vers.
1404 1315 1545 1376 45-50
1565 1336 1575 1373 ;

141 1390 268 1455 Eleg.
294 1404 323 1439 x
339 1380 483 1448 ‚¹1vers.
509 1387 616 1446 5-8,
641 1387 813 1446 53-56;
834 1387 915 1437 lib.
936 1390 1014 1446 IV,
1031 1388 1158 1452 Eleg.
1181 1403 1246 1448 lv,
1263 1410 1374 1440 vers.
1402 1392 1577 1454 55-643

141 1468 220 1518 lib.
245 1470 301 1527 V,
320 1467 447 1531 Eleg.
469 1479 507 1515 11
522 1504 534 1525 ,
555 1485 664 1515 vers.
691 1465 871 1528 61-643
897 1465 1020 1531 Eleg.
1046 1480 1140 1524 VII,
1162 1467 1287 1531 Eleg.
1315 1483 1345 1517 x
1360 1507 1370 1527 ‚
1398 1483 1480 1519 etc.

205 1545 319 1595 Illuc
343 1544 517 1594 tandem
540 1543 768 1611 pervenit,
804 1556 1068 1612 postquam,
1106 1557 1156 1594 ut
1183 1546 1321 1595 Trist.
1366 1547 1445 1597 lib.
1484 1550 1576 1607 ΙΙΙ,

139 1625 264 1689 Eleg.
288 1636 325 1673 11
344 1661 356 1684 ,
380 1642 494 1672 vers.
524 1641 578 1689 7,
603 1623 695 1671 ait:

356 1722 516 1758 Plurima
532 1721 593 1757 sed
602 1724 725 1767 pelago
735 1749 743 1763 ,
771 1727 928 1767 terraque
947 1722 1100 1767 pericula
1115 1735 1244 1768 passus.

89 1793 99 1797 -
139 1804 294 1862 Unde,
319 1802 455 1851 Trist.
475 1800 556 1850 lib.
576 1803 655 1860 IV,
675 1800 800 1865 Eleg.
822 1814 862 1859 Ι,
882 1820 991 1851 vers.
1015 1801 1075 1869 59
1094 1814 1138 1851 et
1155 1801 1241 1861 60,
1263 1805 1463 1871 queritur
1480 1825 1576 1854 vere

130 1883 248 1947 prius
262 1879 398 1948 flores
425 1892 508 1929 etc.
523 1918 534 1939 ‚
554 1880 775 1928 numerari
797 1899 928 1947 posse
945 1917 956 1939 ‚

359 1981 481 2026 Quam
497 1979 607 2027 mala,
626 1993 704 2026 quae
721 1988 796 2015 toto
813 1981 926 2026 patior
942 1981 1088 2026 iactatus
1106 1981 1142 2015 in
1161 1982 1264 2025 orbe,

399 2040 499 2076 Dum
517 2042 624 2076 miser
640 2041 769 2076 Euxini
788 2041 891 2076 litora
906 2041 990 2076 laeva
1007 2048 1099 2087 peto.

137 2122 251 2171 Vide
277 2141 454 2190 quoque
475 2120 546 2169 El.
572 2135 627 2180 x,
653 2141 715 2170 vs.
746 2139 979 2188 107-1103
1007 2121 1086 2170 lib.
1114 2123 1168 2181 V,
1195 2121 1265 2171 ΕΙ.
1288 2136 1346 2182 11,
1370 2143 1434 2172 vs.
1460 2141 1533 2191 29.

179 2258 190 2277 ¹
215 2254 354 2291 Scilicet
377 2256 513 2289 Tomitae
533 2257 584 2288 ad
598 2258 698 2289 maris
716 2255 850 2289 Euxini
869 2258 951 2290 leva
971 2258 1081 2300 positi
1096 2254 1260 2295 fuerunt,
1280 2263 1320 2290 ut
1335 2256 1481 2301 ipsemet
1495 2256 1564 2301 ait,

134 2311 241 2347 Trist.
255 2311 312 2346 lib.
327 2312 394 2354 IV,
413 2310 510 2356 Eleg.
528 2321 549 2344 x
561 2336 571 2353 ,
589 2322 677 2344 vers.
692 2323 733 2358 97
749 2336 757 2354 ,
784 2318 887 2356 atque
907 2312 1004 2358 Eleg.
1020 2323 1110 2350 vut.
1140 2325 1227 2347 vers.
1248 2314 1286 2355 [μ
1307 2319 1342 2346 et
1360 2314 1400 2356 42
1420 2326 1427 2347 :
1445 2327 1461 2342 «
1484 2313 1567 2348 Vita

134 2366 255 2413 procul
271 2366 382 2412 patria
399 2365 598 2412 peragenda
615 2366 679 2400 sub
696 2378 755 2400 axe
772 2365 888 2401 Boreo
901 2393 910 2409 ,
940 2366 1024 2411 Qua
1038 2366 1143 2401 maris
1161 2366 1290 2401 Euxini
1314 2374 1406 2401 terra
1429 2368 1567 2404 sinistra

130 2427 232 2471 jacet.
249 2439 267 2455 ³»
284 2425 340 2459 Ab
355 2423 508 2469 antiquis
526 2424 682 2458 Axe-num
703 2435 775 2457 esse
792 2421 910 2467 prodit
926 2423 1022 2468 Eleg.
1044 2434 1082 2457 ιν
1098 2450 1106 2467 ,
1130 2435 1217 2457 vers.
1235 2425 1276 2456 55
1293 2429 1327 2457 et
1344 2423 1386 2457 56
1407 2436 1415 2458 :
1438 2439 1455 2454 «
1478 2425 1565 2459 Fri-

132 2479 212 2527 gida
228 2492 288 2518 me
309 2477 474 2514 cohibent
498 2479 632 2512 Euxini
661 2477 762 2512 litora
785 2478 915 2511 Ponti.-
944 2477 1069 2512 Dictus
1096 2478 1137 2512 ab
1164 2477 1315 2522 antiquis
1338 2478 1481 2513 Axenus
1507 2480 1565 2515 ille

131 2537 198 2573 suit
210 2564 220 2581 ,
238 2544 303 2572 etc.
318 2551 336 2567 υ
360 2536 452 2582 Lege
469 2535 574 2571 Trist.
591 2535 649 2570 lib.
667 2536 715 2579 V,
736 2534 832 2579 Eleg.
846 2546 886 2578 κ,
903 2547 992 2569 vers.
1019 2536 1057 2569 13
1073 2542 1108 2570 et
1129 2537 1177 2579 ¹4·

174 2601 191 2620 ²
214 2599 314 2635 Idem
332 2605 384 2634 est
398 2612 457 2643 ec,
486 2598 580 2644 quod
597 2597 654 2632 lib.
672 2596 720 2640 V,
740 2596 837 2642 Eieg.
861 2607 891 2631 11
905 2623 914 2641 ‚
947 2610 1032 2632 vers.
1060 2598 1097 2631 31
1119 2610 1126 2631 ε
1146 2611 1162 2627 «
1183 2598 1335 2633 Barbara
1358 2611 1415 2633 me
1441 2598 1561 2642 tellus,

128 2657 279 2701 orbisque
294 2657 477 2688 novissima
490 2651 777 2698 magnisastinet
789 2677 798 2695 ‚
817 2658 881 2685 etc.
900 2665 916 2681 υ
937 2651 989 2686 Ita
1005 2658 1040 2687 et
1058 2651 1115 2688 lib.
1135 2652 1170 2687 11
1184 2665 1225 2687 ex
1241 2652 1346 2687 Pone.
1364 2653 1474 2698 Epist.
1484 2665 1539 2689 vn
1551 2681 1561 2697 ‚

130 2722 218 2746 vers.
233 2710 343 2746 65-68
355 2735 365 2753 ,
387 2716 450 2744 etc.

288 2776 438 2822 VJJJ.
1233 2776 1282 2831 14
