1794 3100
277 213 328 240 10
653 201 704 243 P.
745 201 982 246 OVIDII
1010 201 1313 250 NASONIS

270 291 417 340 Finiet
440 291 513 340 illa
537 292 654 351 dies,
683 314 778 361 quae
802 307 844 344 te
863 296 974 344 mihi
1000 296 1233 347 subtrahet
1254 299 1380 359 olim;

335 369 481 417 Finiet
500 369 574 418 illa
599 370 716 427 dies,
741 391 838 438 quae
856 373 965 421 mihi
992 375 1114 424 tarda
1135 377 1274 425 venit:

269 445 331 494 Et
352 447 478 513 prius
501 447 614 495 hanc
637 449 825 497 animam
841 488 853 508 ‚
877 450 1063 500 nimium
1086 453 1168 501 tibi
1192 472 1306 520 saepe
1327 456 1536 522 petitam,

334 524 518 572 Auferet
544 525 619 573 illa
643 525 762 585 dies,
788 546 885 594 quae
907 528 1016 576 mihi
1040 548 1135 579 sera
1155 531 1301 589 venit;

271 601 417 665 Quam
444 602 573 650 dolor
596 603 668 651 hic
691 623 885 671 unquam
910 607 1054 672 spatio
1080 627 1328 658 evanescere
1351 609 1519 677 possit,

1636 625 1698 659 1³5

335 680 492 727 Leniat
515 692 591 728 aut
613 681 767 730 odium
792 695 966 749 tempus
990 697 1034 734 et
1057 685 1165 734 hora
1188 706 1347 755 meum.

271 755 540 817 Pugnabunt
561 756 713 822 jaculis
736 757 842 806 dum
863 760 1080 818 ThraceS,
1105 764 1281 828 Iazyges
1306 781 1409 812 arcu
1424 800 1437 821 ‚

335 833 454 882 Dum
480 836 658 901 tepidus
687 837 890 901 Ganges,
914 838 1102 929 frigidus
1125 842 1238 890 Ister
1261 842 1372 900 erit;

270 912 457 961 Robora
481 914 585 962 dum
610 925 808 974 montes,
836 917 940 964 dum
962 903 1127 984 pabula
1150 918 1302 968 mollia
1324 921 1493 987 campi,

333 991 451 1037 Dum
476 990 653 1041 Tiberis
676 992 808 1042 flavas
832 995 1005 1043 Tuscus
1030 995 1214 1042 habebit
1236 1014 1394 1062 aquas3

1639 1012 1700 1056 140

267 1066 388 1114 Bella
416 1087 564 1129 geram
591 1081 766 1118 tecum:
788 1090 869 1119 nec
893 1090 1011 1119 mors
1035 1072 1144 1120 mihi
1165 1072 1291 1121 finiet
1313 1074 1422 1131 iras;

332 1145 451 1193 Saeva
475 1146 552 1193 sed
574 1147 621 1194 in
640 1166 789 1197 manes
811 1149 1018 1198 manibus
1041 1168 1158 1198 arma
1185 1150 1322 1198 dabit.

265 1222 381 1269 Tum
408 1242 586 1290 quoque
602 1262 613 1283 ‚
636 1245 772 1291 quum
795 1245 952 1275 vacuas
977 1227 1103 1275 fuero
1122 1226 1324 1294 dilapsus
1346 1227 1392 1274 in
1413 1243 1565 1283 auras,

329 1301 554 1349 Exanimis
577 1321 722 1350 mores
748 1303 893 1351 oderit
919 1303 1076 1351 umbra
1095 1316 1208 1353 tuos.

264 1377 380 1423 Tum
404 1397 583 1444 quoque
606 1379 820 1427 factorum
842 1380 1013 1428 veniam
1037 1398 1206 1428 memor
1228 1379 1385 1428 umbra
1408 1391 1587 1428 tuorum
1601 1416 1614 1437 ‚
1634 1392 1696 1437 145

331 1455 545 1521 Insequar
566 1468 610 1504 et
629 1455 778 1504 vultus
805 1474 929 1504 ossea
952 1456 1068 1505 larva
1093 1468 1206 1504 tuos.

267 1531 368 1579 Sive
392 1549 494 1594 ego,
523 1533 643 1599 quod
664 1533 802 1581 nolim
823 1571 835 1592 ‚
858 1532 1002 1596 longis
1024 1546 1283 1582 consumtus
1303 1533 1359 1581 ab
1380 1533 1532 1590 annis;

333 1609 432 1657 Sive
455 1628 587 1657 manu
611 1609 725 1658 facta
749 1621 891 1658 morte
915 1610 1089 1659 solutus
1111 1630 1188 1659 ero
1209 1632 1219 1658 :

267 1685 367 1733 Sive
389 1705 469 1752 per
490 1687 723 1735 immensas
744 1687 946 1752 jactabor
968 1689 1209 1752 naufragus
1232 1688 1376 1736 undas
1390 1725 1404 1746 ,

330 1766 581 1832 Nostraque
604 1765 874 1833 longinquus
899 1766 1062 1816 viscera
1082 1762 1216 1834 piscis
1241 1765 1371 1816 edet:

265 1876 460 1919 dabantur;
483 1877 562 1912 vide
582 1877 655 1913 Cic.
674 1879 710 1914 11
728 1877 770 1913 de
789 1878 945 1914 Divinat.

267 1929 361 1973 Quae
375 1936 489 1964 essent
506 1942 585 1964 aves
601 1930 684 1965 mali
698 1931 826 1966 ominis
838 1957 847 1974 ,
872 1931 947 1966 Pli-

265 1980 345 2013 nius
373 1980 475 2015 docet
508 1982 545 2015 in
573 1983 617 2016 X.
643 1983 736 2016 ΖΔΕ.
756 2002 799 2009 —-
823 1984 948 2017 Masta

266 2035 395 2067 volavit
408 2035 493 2067 hvis.
515 2034 654 2068 Sonavit
668 2034 692 2068 J
696 2035 785 2069 ureti
807 2034 895 2069 liber
913 2042 948 2070 et

267 2098 325 2119 sex
342 2085 409 2120 alii.
427 2086 561 2121 HEINs.

312 2152 325 2172 1
331 2138 351 2172 3
358 2152 370 2172 1
376 2165 384 2172 .
394 2139 506 2173 Finiet
514 2142 577 2174 illa
585 2141 668 2174 dies.
681 2139 948 2186 Supervacuum

266 2198 318 2226 est
338 2190 406 2226 hoc
430 2191 603 2226 distichon
618 2219 628 2236 ,
653 2199 688 2227 et
711 2206 730 2227 a
751 2206 859 2228 manu
885 2193 947 2227 in-

267 2242 368 2277 docta
385 2243 442 2277 hic
456 2244 679 2279 inculcatum.
697 2245 831 2280 HEINS.

313 2296 384 2339 134.
411 2296 554 2341 Auferet
575 2299 637 2330 illa
655 2299 746 2337 dies,
777 2311 848 2342 qua·
868 2300 952 2333 mihi

265 2360 342 2381 sera
358 2351 456 2382 venit.
477 2347 592 2383 Jureti
611 2348 741 2383 codex:
758 2364 774 2379 «
793 2349 951 2394 Quodli-

264 2399 324 2433 bet
332 2400 489 2434 amittam
498 2400 635 2436 vindice
646 2408 759 2436 morte
771 2402 859 2444 mei3
874 2416 950 2437 »su-

265 2451 395 2497 periori
411 2465 511 2487 versu
528 2467 592 2499 pro
605 2468 691 2498 soepe
706 2455 826 2490 malim
839 2469 923 2491 save
938 2469 949 2491 :

264 2512 300 2538 et
313 2517 394 2538 mox
412 2518 588 2540 vanescere
604 2519 668 2552 pro
685 2520 887 2543 evanescere.

312 2571 324 2590 1
331 2557 383 2601 37.
400 2559 602 2602 Pugnabunt
602 2559 735 2602 jaculis
744 2562 822 2595 dum
844 2562 947 2594 Thra-

264 2622 329 2649 ces,
338 2611 482 2656 Iazyges
492 2623 582 2644 arcu.
591 2611 684 2645 Arcu
694 2613 771 2645 dum
785 2613 944 2653 Thraces,

266 2663 409 2708 Iazyges
425 2664 527 2696 hasta
540 2662 696 2708 plerique
713 2671 858 2700 veteres.
877 2664 924 2698 H.

315 2713 384 2748 138.
400 2715 490 2749 Dum
503 2717 642 2758 lepidus.
658 2715 717 2751 Sic
729 2716 950 2751 nostri.Dum

1633 1778 1695 1813 150

1002 1873 1229 1924 ¹mssn'dusduo
1243 1893 1251 1920 ;
1269 1878 1330 1913 sed
1345 1878 1391 1913 ita
1408 1877 1499 1923 perit
1514 1876 1695 1922 oppositio.

1060 1945 1072 1966 1
1080 1933 1133 1975 4ο.
1143 1933 1235 1966 Dum
1242 1932 1379 1978 Tyberis
1388 1931 1536 1975 liquidas
1544 1931 1696 1964 Thuscus

1012 1986 1148 2020 habebit
1154 1997 1271 2030 aquas.
1279 1987 1404 2019 Flavus
1413 1996 1520 2028 aquas
1533 1983 1696 2018 unusva-

1014 2038 1167 2079 ticanus;
1186 2044 1278 2072 recte
1295 2049 1303 2071 ι
1318 2035 1354 2070 id
1372 2034 1468 2071 enim
1485 2041 1697 2080 perpetuum

987 2130 989 2133 ,
1015 2091 1134 2126 Tiberi
1161 2099 1216 2126 est·
1231 2090 1412 2136 epitheton
1433 2103 1441 2124 :
1461 2101 1575 2133 neque
1597 2087 1696 2124 aliter

1014 2142 1143 2178 Maffei
1157 2143 1257 2186 liber,
1272 2154 1342 2187 quo
1354 2154 1436 2176 usus
1446 2147 1499 2175 est
1512 2139 1694 2175 Ciofanus.

1062 2196 1132 2238 142.
1161 2196 1268 2230 Arma
1295 2195 1395 2228 dabo.
1423 2192 1544 2228 Scribe
1569 2193 1668 2225 dabit
1681 2201 1694 2232 ‚·
1760 2228 1762 2231 ¹

1013 2260 1110 2282 mors
1133 2248 1304 2282 nimirum
1323 2260 1331 2288 ;
1358 2247 1500 2281 Bonon.
1514 2245 1652 2278 dabunt.

1062 2300 1133 2343 146.
1141 2302 1304 2344 Insequar
1313 2305 1347 2333 et
1356 2301 1470 2332 vultus
1480 2295 1697 2340 osseasorma

1013 2359 1098 2387 tuos.
1112 2354 1222 2387 Ossea
1232 2355 1330 2386 larua
1339 2350 1447 2386 codex
1454 2347 1614 2394 Dionysii
1623 2347 1697 2382 Sal-

1014 2405 1129 2450 vagnii
1150 2404 1281 2440 Boessii
1304 2416 1313 2439 :
1337 2401 1516 2447 quomodo
1539 2400 1695 2443 Seneca,

1014 2458 1124 2503 Epist.
1136 2458 1275 2499 XXIV,
1292 2458 1456 2490 larvarum
1471 2456 1622 2488 habitum
1637 2466 1696 2488 nu-

1014 2512 1068 2545 dis
1079 2512 1212 2545 ossibus
1223 2509 1454 2543 coherentmtn
1470 2505 1564 2540 dixit.
1581 2505 1630 2539 H.

1064 2564 1136 2607 ¹47·
1167 2561 1269 2603 Quod
1289 2561 1421 2593 nollem.
1443 2559 1555 2593 Nolim
1579 2555 1697 2602 scripti

1015 2621 1176 2660 quatuor.
1195 2612 1328 2647 Ham-s.

1062 2665 1133 2707 148.
1152 2663 1260 2696 Morte
1274 2664 1413 2696 solutus.
1434 2661 1691 2697 Definitionern

1015 2714 1171 2751 Platonis
1188 2713 1372 2760 exprimit,
1394 2714 1452 2760 qui
1471 2712 1588 2750 scribit
1601 2724 1693 2747 mor-
